3500 5300
619 361 730 424 252
1555 364 1655 420 No.
1694 365 1793 420 7⁷:
1831 366 1971 420 1538
2007 364 2239 418 Februar
2278 366 2359 419 11.

409 564 553 615 1538
803 559 1045 626 Scrisse
1088 584 1129 625 a
1173 560 1253 625 V.
1299 560 1359 626 S.
1407 560 1537 625 ΒΜ
1581 568 1645 625 et
1687 559 1836 625 Ill'''⁸
1884 560 1992 625 alli
2039 569 2079 625 4
2125 559 2191 625 di
2238 567 2457 648 questo
2516 561 2582 625 in
2627 562 2897 646 risposta
2943 559 3049 624 del
3097 559 3286 625 breve
3479 433 3484 596 ⁴

357 632 605 758 prsstl}
624 667 690 733 di
736 666 968 732 Nostro
1015 667 1280 753 Signore
1325 675 1387 732 et
1418 667 1579 732 delle
1626 690 1736 732 sue
1783 668 1849 732 di
1880 678 1920 734 4
1968 667 2070 732 del
2117 675 2389 752 passat0,
2436 666 2696 731 dandoli
2741 668 2919 730 aviso
2952 667 3020 732 di
3053 676 3288 754 quanto
3483 673 3484 692 ²

400 775 533 829 Jcm·
571 777 607 827 4
625 797 940 841 occorrea.
1032 774 1191 839 hora
1233 797 1347 860 per
1390 774 1447 838 16
1491 781 1781 861 presente
1814 774 1890 839 V.
1938 774 2001 840 S.
2049 775 2176 839 RQ*
2223 777 2367 838 sara
2411 775 2657 838 avisata
2688 773 2806 838 che
2836 775 3053 860 doppo
3101 774 3288 860 long-a

623 884 1050 968 expettatione
1095 903 1248 946 sono
1305 889 1536 946 venute
1592 881 1812 946 lettere
1871 881 1956 945 da
2011 882 2378 967 monsignor
2430 880 2770 945 Lundensc
2826 878 3288 945 ambasciatore

624 988 931 1072 0686160,
994 988 1144 1076 qual
1203 995 1397 1053 tratta
1452 989 1517 1052 16
1570 1010 1732 1075 pace
1793 998 1890 1053 tra
1949 996 2172 1076 questa
2220 988 2467 1053 Maesta
2521 997 2585 1053 et
2628 988 2674 1052 il
2722 987 3046 1073 Vayvoda
3089 1010 3206 1074 per
3247 987 3330 1051 il5

624 1118 819 1180 regno
879 1095 1302 1180 d'Hongeria,
1374 1094 1490 1160 che
1553 1094 1817 1159 essendo
1864 1102 2026 1159 stato
2088 1101 2497 1181 gravemente
2550 1093 2817 1158 infermo
2899 1116 3030 1159 non
3089 1094 3286 1158 havee

623 1209 843 1288 potuto
890 1203 1221 1287 negociare
1282 1203 1457 1266 circa
1512 1201 1687 1266 detta
1743 1223 1936 1288 pace3
1996 1224 2102 1266 ma
2162 1200 2277 1266 6116
2338 1199 2496 1265 hora
2538 1200 2802 1265 essendo
2849 1202 2919 1265 in
2966 1202 3284 1265 convales-

625 1310 831 1373 centia
876 1309 1128 1394 seguira
1175 1308 1273 1372 nel
1320 1309 1699 1395 principiato
1746 1315 2008 1373 trattato
2053 1316 2117 1373 et
2162 1310 2261 1373 sta
2291 1331 2411 1372 con
2457 1306 2629 1373 bona
2673 1329 2983 1393 speranza
3031 1308 3101 1372 di
3145 1331 3284 1372 con·

625 1416 919 1481 elusione.
1009 1414 1410 1498 nondimen0‚
1457 1438 1637 1479 come
1680 1414 1842 1480 altre
1887 1415 2056 1479 volte
2100 1414 2181 1479 ho
2243 1416 2458 1480 scritto
2493 1415 2578 1503 ¹),
2639 1413 2863 1480 dubito
2925 1414 3044 1479 che
3091 1416 3284 1502 questi

625 1522 737 1587 dui
780 1522 1052 1609 principi
1109 1544 1348 1587 vorano
1410 1522 1639 1586 vedere
1698 1521 1744 1585 il
1814 1545 2101 1588 successo
2162 1521 2331 1587 della
2387 1544 2547 1609 pace
2604 1529 2704 1586 tra
2759 1522 3188 1608 l'imperatore
3229 1531 3351 1588 etlo
3483 1537 3484 1550 ¹

626 1630 898 1712 Franza‚
943 1629 1437 1716 persuadendosi
1485 1629 1866 1695 ciascaduno
1897 1629 2083 1694 d'essi
2128 1630 2405 1694 secondo
2450 1628 2657 1717 quello
2702 1628 2769 1693 di
2814 1639 3035 1716 potere
3078 1629 3283 1715 megli·

628 1759 809 1802 orare
876 1737 1222 1802 conditioni
1290 1760 1328 1802 0
1395 1744 1640 1802 mutare
1707 1738 2033 1823 opinione,
2105 1746 2518 1825 quantunque
2583 1744 2807 1824 questa
2865 1736 3114 1802 Maesta
3173 1759 3281 1801 6011

626 1842 842 1931 parole
891 1866 1137 1930 sempre
1183 1866 1249 1909 se
1295 1844 1390 1907 sia
1436 1852 1743 1909 mostrata
1788 1844 1982 1908 molto
2027 1843 2390 1908 desiderosa
2433 1844 2501 1907 di
2546 1850 2769 1930 questa
2811 1865 2988 1929 pace.

805 1950 1027 2031 Questi
1072 1951 1278 2035 giorni
1325 1952 1558 2036 passati
1607 1951 1675 2013 fu
1719 1950 1882 2014 satta
1945 1972 2070 2014 una
2116 1949 2288 2014 dieta
2331 1952 2396 2014 in
2444 1960 2664 2037 questa
2709 1952 2863 2015 citt&
2909 1973 2950 2013 a
2993 1952 3284 2014 instantia

629 2057 696 2122 di
742 2059 874 2123 Sua
920 2057 1165 2121 Maesta
1208 2079 1322 2143 per
1366 2056 1716 2143 provedere
1763 2056 1828 2120 di
1875 2057 2091 2121 adiuto
2152 2065 2374 2122 contra
2418 2057 2825 2122 l’imminente
2870 2055 3148 2142 pericolo
3191 2055 3284 2120 del
3302 2065 3356 2118 15

396 2162 535 2217 ΓΜ-
574 2163 887 2229 9Turcho
931 2173 996 2228 et
1039 2186 1153 2250 per
1198 2163 1412 2228 ridure
1456 2162 1500 2226 li
1533 2162 1840 2228 Bohemia
1885 2162 1947 2228 al
1979 2163 2248 2228 concilio
2276 2167 2349 2248 2).
2442 2163 2505 2228 16
2548 2162 2700 2251 qual
2731 2163 2899 2228 dieta
2928 2163 3044 2226 dui
3085 2163 3286 2249 giomi

630 2272 695 2335 fa
738 2272 808 2334 fu
854 2271 1034 2335 finita
1078 2293 1267 2335 senza
1311 2269 1689 2335 resolutione
1737 2269 1971 2334 alcuna
2014 2272 2082 2334 in
2128 2270 2297 2335 l’uno
2351 2278 2416 2335 et
2458 2269 2661 2336 l’altro
2710 2293 2902 2357 capo,
2961 2268 3195 2357 perche
3235 2270 3287 2332 si

630 2401 784 2442 sono
830 2379 1073 2442 remissi
1117 2377 1200 2441 ad
1272 2377 1543 2441 un'altra
1587 2377 1790 2460 dieta,
1850 2376 2035 2464 quale
2091 2377 2191 2441 fra
2246 2400 2372 2441 uno
2431 2400 2599 2442 mese
2660 2379 2712 2442 si
2769 2378 3172 2465 principiera,
3228 2386 3288 2441 et

631 2487 776 2549 sara
818 2486 930 2570 piu
975 2484 1266 2569 generale
1312 2491 1406 2568 et,
1452 2506 1567 2570 per
1610 2491 1849 2570 quanto
1895 2484 2179 2566 intende,
2243 2485 2790 2550 v’intervenerano
2835 2484 3118 2550 anchora
3161 2508 3282 2548 am·

631 2589 967 2657 basciatori
1014 2590 1177 2656 delle
1222 2590 1381 2656 altre
1425 2592 1752 2677 provincie
1799 2591 1866 2657 di
1911 2590 2044 2657 Sua
2087 2591 2352 2657 Maesta.
2399 2615 2506 2657 ma
2549 2593 2723 2656 circa
2766 2590 3025 2658 l'adiuto
3071 2591 3154 2656 ho
3199 2592 3364 2656 111-21)

629 2707 762 2763 teso
809 2699 927 2764 che
971 2698 1277 2762 dicevano
1346 2698 1557 2763 volere
1627 2707 1942 2784 espettare
2011 2699 2074 2764 la
2141 2698 2519 2765 resolutione
2585 2698 2754 2791 della
2821 2699 2952 2785 liga
3008 2709 3109 2764 tra
3164 2699 3290 2764 Sua

632 2807 880 2872 Santita
924 2813 988 2870 et
1030 2804 1450 2891 l’imperatore
1508 2813 1571 2870 et
1617 2805 1952 2870 Venetiani
2009 2815 2075 2871 et
2132 2806 2336 2871 anche
2393 2806 2626 2872 vedere
2672 2805 2879 2894 quello
2924 2807 3192 2871 faceano
3232 2805 3288 2870 le
3483 2796 3484 2801 ¹

632 2922 797 2979 terre
840 2913 921 2977 de
965 2912 1271 2999 l’imperio
1317 2920 1380 2977 et
1422 2914 1530 2999 poi
1575 2911 1939 2978 harebbeno
1972 2912 2315 2978 deliberato
2345 2913 2499 2978 dare
2529 2913 2714 3000 quell'
2761 2913 2979 2978 adiuto
3025 2913 3288 2978 secondo

632 3021 695 3084 la
740 3030 879 3085 rata
923 3019 1038 3084 che
1082 3020 1254 3084 fusse
1300 3026 1459 3084 stato
1507 3022 1923 3084 conveniente
1968 3028 2032 3083 et
2087 3017 2385 3106 possibile
2431 3043 2472 3084 6
2513 3020 2665 3085 loro.
2758 3019 2878 3085 nel'
2925 3019 3088 3085 altro
3134 3042 3288 3106 capo

635 3128 723 3192 dil
769 3126 1033 3193 concilio
1078 3125 1123 3190 li
1167 3125 1479 3192 Catholici
1525 3126 1757 3191 dicono
1809 3149 1936 3192 non
1982 3125 2181 3191 haver
2224 3125 2490 3213 bisogno
2536 3127 2615 3191 de
2661 3127 3008 3203 mandam,
3067 3126 3361 3214 percbeffi

635 3257 787 3300 sono
836 3233 975 3298 nell’
1023 3232 1382 3298 obedientia
1412 3231 1579 3298 della
1609 3234 1899 3299 Romana
1945 3234 2299 3299 universale
2339 3234 2578 3298 chiesia
2622 3242 2686 3299 et
2715 3243 3119 3299 accettarano
3151 3235 3289 3320 ogni

635 3342 1030 3408 ordinatione
1087 3342 1232 3404 sara
1288 3341 1462 3404 satta.
1556 3341 1599 3403 li
1659 3342 2000 3406 scismatici
2058 3348 2221 3406 sotto
2280 3349 2570 3428 pretexto
2632 3341 2900 3406 d’essere
2958 3344 3106 3407 stati
3151 3364 3289 3407 exa-

636 3450 870 3536 sperati
913 3471 1027 3535 per
1072 3448 1477 3535 impressione
1522 3448 1713 3513 d'uno
1775 3446 1938 3513 libro
2001 3447 2103 3512 del
2169 3470 2441 3513 vescovo
2500 3447 2567 3511 di
2614 3448 2865 3512 Vienna
2920 3450 2990 3513 in
3035 3450 3292 3514 materia

635 3556 1015 3621 eucharistie
1062 3554 1366 3620 dicevano
1412 3577 1544 3620 non
1590 3555 1802 3620 volere
1847 3556 2080 3638 venire,
2124 3563 2189 3620 et
2233 3555 2421 3620 credo
2468 3576 2596 3619 non
2640 3557 2945 3619 venii-ano
2976 3556 3291 3642 seguendo
3483 3570 3484 3649 χ

632 3663 681 3729 11
724 3662 871 3726 mal’
916 3661 1210 3748 exemplo
1255 3661 1335 3726 de
1379 3661 1744 3727 Lutherani.
1838 3663 2219 3727 nondimeno
2279 3685 2406 3727 non
2460 3661 2628 3726 hano
2685 3661 2836 3727 dato
2880 3662 3363 3728 determinatas»

636 3771 924 3856 risposta,
967 3791 1074 3832 1116
1116 3768 1180 3832 16
1224 3769 1465 3832 darano
1511 3790 1552 3831 6
1595 3770 1794 3855 quest’
1842 3768 2005 3835 altra
2047 3769 2233 3834 dieta.

817 3875 1076 3957 Quanto
1121 3873 1183 3939 61
1231 3875 1517 3957 601161110,
1564 3875 1690 3939 R⁸¹³⁰
1738 3877 1953 3961 signer
1999 3877 2158 3959 mio,
2214 3875 2534 3960 seguendo
2579 3876 2642 3940 16
2687 3874 2872 3940 solita
2918 3876 3294 3943 confidentis

639 3985 769 4047 mia
813 3982 916 4048 del
962 3982 1234 4047 scrivere
1279 3980 1542 4068 pigliata
1587 3982 1759 4046 dalla
1803 3982 1999 4047 molta
2044 3982 2373 4046 humanita
2417 3981 2484 4046 di
2515 3982 2648 4048 Sua
2679 3982 3102 4066 Beatitudine,
3150 4006 3293 4048 sono

639 4090 909 4154 sforzato
969 4089 1105 4153 dire
1163 4088 1279 4153 che
1337 4088 1468 4154 Sua
1526 4088 1777 4153 Santita
1833 4088 2024 4153 debia
2078 4090 2146 4153 in
2203 4090 2354 4175 ogni
2411 4089 2602 4154 modo
2661 4089 2723 4154 al
2781 4096 2996 4177 tempo
3057 4091 3293 4177 prefixo
3483 4162 3484 4171 χ

639 4195 802 4260 darli
862 4196 1201 4283 principio:
1258 4197 1466 4282 prima
1523 4218 1638 4282 per
1698 4195 2040 4262 subvenire
2096 4219 2137 4260 6
2189 4197 2351 4261 tanti
2408 4196 2716 4261 disordini
2775 4196 2944 4261 116116
3000 4198 3364 4283 religione35
3483 4194 3484 4201 '

641 4301 1015 4386 christiana3
1073 4303 1263 4389 dapoi
1321 4325 1435 4389 per
1492 4325 1619 4367 non
1680 4303 1943 4389 perdere
2001 4305 2068 4367 in
2126 4310 2288 4367 tutto
2346 4302 2392 4366 il
2452 4303 2692 4368 credito
2760 4305 2826 4367 in
2894 4314 3117 4391 queste
3163 4326 3291 4389 pro-

788 4480 830 4549 ¹)
881 4481 995 4551 qu.
1033 4482 1168 4535 oben
1202 4499 1288 4535 nr.
1332 4485 1403 4534 73
1439 4480 1520 4550 (S.
1558 4484 1708 4550 243).

784 4567 832 4635 2)
871 4569 992 4622 Ein
1029 4570 1288 4624 Produkt
1334 4570 1506 4624 dieses
1540 4570 1837 4639 Landtays
1883 4571 2113 4639 brinyen
2151 4570 2252 4624 wir
2299 4572 2362 4623 in
2400 4571 2507 4623 den·
2544 4570 2810 4638 Beizaqen
2847 4570 3024 4626 dieses
3060 4569 3287 4633 Raude,

642 4659 708 4710 in
755 4658 966 4712 Gestalt
1023 4676 1128 4712 von
1185 4659 1551 4728 Vorschlciyen
1606 4660 1740 4712 iiber
1790 4659 1880 4713 die
1927 4659 2307 4713 Modalitliten
2369 4660 2466 4714 der
2519 4659 2898 4729 Beschickanq
2945 4660 3041 4715 dm
3091 4659 3290 4715 Gon-aih
3483 4688 3484 4755 Q

647 4745 821 4800 durch
857 4747 946 4799 die
982 4748 1238 4800 Bo'lmwn.
3301 4743 3360 4797 40
3483 4758 3484 4805 1
