3500 5300
1268 334 1367 400 No.
1407 340 1540 399 144:
1582 335 1718 400 1535
1753 339 1862 399 Mai
1898 343 1947 399 6.
2834 326 2939 404 371

275 533 324 604 il
377 535 700 605 cardinale
743 538 1262 628 Saltzburgense‚
1320 540 1366 605 il
1425 562 1696 605 vescovo
1757 540 1824 606 di
1871 540 2193 627 Augusta,
2252 541 2319 605 di
2364 539 2726 627 Bamberga
2769 547 2831 605 et
2876 540 2942 605 di

276 647 510 731 Eistag
560 646 879 714 Willelmo
925 655 988 712 et
1016 646 1344 713 Lodovico
1390 646 1585 713 duchi
1630 646 1696 712 di
1730 646 2021 732 Bavaria‚
2068 647 2343 734 Georgio
2390 648 2713 714 marehese
2741 649 2942 713 Bran-

277 753 699 841 deburgense.
792 756 857 819 vi
903 756 939 819 6
984 756 1088 842 poi
1149 761 1397 820 entrata
1453 754 1517 819 la
1572 756 1725 819 sitta
1769 754 1834 819 di
1879 753 2314 841 Norcmberga
2360 776 2480 821 con
2509 763 2745 842 'queste
2788 753 2946 819 altre

277 869 448 926 terre
460 865 543 944 ⁸):
590 861 939 948 Norlingen
974 861 1450 948 Weissemburg
1482 860 1633 926 Hall
1662 860 2082 949 Dinkelspuel
2113 861 2529 949 Vumpharan
2559 851 2947 927 Hailtbruna

222 974 259 1026 5
277 967 490 1033 Werd
534 966 917 1054 Ubirlingen
964 969 1384 1057 Ravenspurg
1413 968 1802 1055 Bopfringen
1836 967 2040 1033 Alach
2071 968 2319 1035 Graind
2351 968 2616 1055 Gengen
2649 969 2945 1055 Wangen

278 1074 644 1141 Leuchireh
691 1074 1153 1140 Kauffbeuern.
1245 1078 1298 1141 si
1342 1078 1508 1141 tiene
1552 1099 1666 1163 per
1710 1075 1909 1141 fermo
1956 1074 2070 1140 che
2101 1077 2166 1139 vi
2212 1083 2596 1141 entraranno
2641 1074 2946 1162 gl'abbati

276 1182 349 1246 di
395 1181 632 1248 Suevia
691 1189 755 1246 et
807 1182 851 1247 il
898 1181 1171 1276 capitulo
1232 1183 1300 1247 di
1344 1181 1637 1269 Augusta
1695 1191 1758 1248 et
1815 1184 1882 1247 di
1944 1183 2168 1248 Aistat.
2262 1182 2325 1247 la
2386 1184 2539 1248 cirta
2584 1189 2945 1248 veramente

277 1290 349 1354 di
392 1289 689 1375 Augusta
733 1296 795 1354 et
840 1289 907 1353 di
952 1289 1145 1355 Ulma
1191 1288 1528 1376 Esslingen
1559 1288 1901 1376 Reutlinga
1946 1289 2308 1376 Memingen
2356 1290 2569 1376 Fysen
2614 1296 2679 1354 et
2724 1288 2945 1354 Bibra·

278 1419 430 1461 cum
443 1397 500 1483 ¹³)
546 1418 673 1460 non
721 1398 785 1460 vi
832 1397 867 1461 ὸ
911 1403 1161 1462 entrata
1206 1418 1462 1479 ancora,
1506 1395 1737 1483 perche
1783 1398 1849 1461 in
1896 1405 2117 1484 questa
2161 1396 2670 1462 confederatione
2716 1396 2752 1460 e
2784 1402 2946 1460 stato

191 1509 259 1562 10
276 1509 582 1590 proposto
596 1505 649 1590 ⁰)
705 1526 793 1568 un
852 1502 1127 1590 capitulo
1189 1503 1306 1569 che
1364 1505 1386 1568 i
1431 1505 1691 1568 vescovi
1744 1505 1921 1568 siano
1976 1505 2332 1569 conservati
2376 1502 2544 1568 nella
2587 1502 2720 1568 loro
2767 1503 2945 1567 iuris-

277 1610 552 1675 dittione
623 1616 687 1674 et
755 1618 1126 1676 conservate
1194 1612 1382 1676 etiam
1451 1617 1513 1676 et
1580 1610 1777 1675 diiese
1834 1610 1893 1675 le
1941 1610 2171 1676 chiesie
2217 1618 2281 1675 et
2324 1610 2383 1676 16
2428 1616 2723 1676 consuete
2770 1632 2946 1674 sacre

278 1717 625 1782 cerimonie
638 1765 659 1800 ‚
718 1739 907 1781 senza
960 1717 1232 1804 prefiger
1286 1718 1555 1783 termino
1601 1718 1737 1782 sino
1785 1739 1826 1782 a
1869 1717 2084 1782 futuro
2131 1718 2415 1802 concilio,
2464 1738 2640 1782 come
2686 1716 2755 1781 su
2801 1714 2944 1780 nell'

280 1823 559 1889 accordo
627 1824 692 1889 di
762 1823 1125 1911 Ratispona.
1229 1831 1294 1889 et
1359 1824 1506 1913 quei
1573 1824 1900 1890 maladetti
1968 1823 2184 1911 populi
2254 1847 2380 1889 non
2451 1823 2662 1889 hanno
2730 1822 2945 1888 voluto

277 1937 538 1996 entrare
585 1937 789 1995 stante
834 1938 1057 2018 questo
1103 1929 1362 1996 articolo
1396 1931 1462 2018 ¹).
1514 1969 1596 1978 -

193 2044 259 2097 15
468 2037 571 2103 Ho
617 2035 879 2102 lasciato
925 2038 992 2103 di
1038 2039 1276 2102 scriver
1320 2035 1486 2103 nella
1529 2040 1735 2125 prima
1779 2037 1999 2120 lettra,
2045 2038 2211 2103 dove
2258 2040 2319 2102 io
2366 2039 2589 2104 faceva
2632 2039 2946 2103 mentione

278 2142 426 2209 dell’
475 2143 624 2208 Ill¹¹¹⁰
673 2143 840 2209 duca
884 2144 1209 2210 Lodovico
1255 2143 1321 2209 di
1353 2143 1618 2228 Bavera,
1671 2145 1787 2210 che
1833 2143 1963 2210 Sua
2009 2142 2397 2210 Eccellentia
2442 2144 2564 2210 ben
2610 2144 2736 2210 due
2782 2143 2947 2210 volte

275 2252 368 2315 mi
414 2248 497 2316 ha
545 2250 717 2316 detto
757 2251 1300 2317 affettuosamente
1347 2250 1463 2317 che
1517 2250 1707 2318 molto
1756 2275 1822 2317 se
1866 2251 2289 2317 raccomanda
2333 2275 2373 2316 a
2404 2251 2633 2316 Nostro
2665 2253 2948 2338 signore,

277 2366 343 2423 et
386 2357 620 2445 perche
669 2359 754 2422 mi
800 2381 954 2445 pare
1000 2358 1116 2423 che
1160 2359 1308 2423 tutti
1353 2357 1465 2423 dui
1509 2382 1545 2424 6
1584 2358 1776 2424 duchi
1821 2359 2050 2425 fratelli
2096 2359 2504 2423 scriveranno
2550 2361 2614 2423 in
2660 2368 2947 2447 resposta

278 2464 383 2530 del
454 2464 649 2530 breve
717 2464 1103 2552 particulare
1174 2465 1289 2531 che
1334 2466 1395 2530 io
1443 2463 1523 2529 ho
1579 2463 1710 2531 loro
1769 2474 2017 2553 portato
2046 2468 2104 2552 ²)
2119 2517 2139 2551 ,
2197 2464 2587 2553 consiglierei
2645 2465 2759 2531 che
2818 2466 2949 2533 Sua

193 2582 262 2635 20
281 2572 535 2638 Santita
564 2572 978 2660 respondesse
1023 2572 1144 2638 alle
1188 2571 1321 2638 loro
1352 2571 1501 2637 111ιιω
1534 2571 1841 2659 Signorie,
1889 2580 1951 2639 et
1994 2574 2059 2637 in
2106 2580 2328 2661 questa
2358 2561 2684 2638 occasione
2728 2575 2949 2638 veniris

281 2679 369 2744 ad
413 2703 585 2745 esser
632 2680 839 2746 officio
886 2679 1280 2766 fruttuosod).

464 2787 705 2874 Scripsi
748 2787 935 2852 hodie
996 2786 1210 2852 multis
1255 2787 1336 2851 de
1379 2785 1604 2871 rebus;
1665 2795 1948 2874 superest
1994 2795 2061 2852 ut
2108 2787 2187 2852 de
2231 2810 2333 2852 me
2379 2790 2515 2875 ipso
2563 2810 2760 2852 unum
2807 2810 2946 2852 ver·

282 2892 459 2959 bum.
557 2892 738 2959 bacio
781 2893 1195 2959 humilmente
1242 2894 1287 2959 il
1333 2894 1515 2981 piede
1560 2917 1601 2958 a
1646 2894 1778 2959 Sua
1823 2893 2223 2959 Beatitudine
2253 2901 2317 2959 et
2346 2894 2490 2959 dico
2536 2893 2652 2959 che
2697 2896 2760 2959 io
2806 2917 2946 2981 sop-

281 3009 468 3089 porto
516 3002 673 3067 bora
731 3023 910 3089 spese
971 3000 1328 3066 incredibili
1385 3008 1448 3066 et
1509 3000 1625 3066 che
1683 3000 1765 3065 ho
1826 3000 2244 3087 grandissimo
2290 3000 2554 3087 bisogno
2600 3000 2717 3067 che
2760 3003 2849 3065 mi
2894 3003 2945 3065 si

194 3123 262 3177 25
283 3107 592 3173 mandino
640 3108 881 3173 danari.
975 3110 1060 3171 mi
1104 3114 1527 3173 raccomando
1574 3106 1699 3173 alla
1745 3108 1808 3174 S.
1855 3107 1932 3173 V.

464 3215 554 3280 Di
600 3215 898 3302 Frisinga
941 3214 1053 3280 alli
1100 3226 1136 3283 6
1186 3214 1251 3279 di
1297 3216 1549 3302 maggio
1594 3214 1698 3280 del
1745 3224 1847 3283 35.

422 3376 467 3427 6)
498 3375 591 3417 Das
621 3376 744 3418 Gone.
772 3376 849 3417 1ιαί
874 3386 955 3417 con
984 3376 1076 3417 otto
1108 3374 1223 3416 altre
1249 3376 1363 3416 terre
1389 3375 1496 3417 stau
1522 3375 1595 3416 der
1619 3378 1667 3416 in
1694 3374 1770 3416 der
1801 3376 1919 3427 Copia
1954 3374 2282 3425 nacksolyenden
2309 3373 2472 3417 Nomen
2498 3375 2571 3417 der
2596 3375 2830 3423 manen,-
2869 3385 2948 3416 oon

280 3448 423 3489 dina·
464 3448 523 3489 1·εὲ
567 3446 843 3499 vumpharan
871 3448 943 3495 (=
976 3445 1197 3499 Wivnpfen)
1224 3446 1343 3487 nem
1377 3446 1557 3488 deutlich
1589 3458 1643 3487 m
1678 3446 1813 3493 lesen:
1849 3446 2011 3487 Graind
2047 3446 2104 3488 ist
2138 3457 2228 3487 vom
2255 3446 2512 3488 Abschrenzor
2544 3446 2618 3488 wal
2655 3446 2832 3489 aarum
2863 3447 2949 3497 far

196 3520 472 3641 auem-nii
503 3590 626 3632 cone.
655 3590 763 3632 stau
787 3589 861 3631 aar
886 3588 1157 3642 asama-20
1184 3589 1387 3641 Aug-su
1414 3599 1493 3631 oon
1520 3588 1657 3631 moue
1684 3588 1797 3631 mro
1823 3589 1952 3630 terro.

426 3666 469 3715 6)
502 3664 625 3705 Cone.
654 3662 801 3713 ponto.

426 3734 568 3786 ‹Dlm
598 3734 721 3775 Cone.
753 3731 1491 3785 &accamoni-hermadam

429 3841 474 3911 ¹)
512 3842 639 3897 Das
687 3841 992 3911 Fragment
1040 3843 1192 3895 einer
1239 3839 1525 3896 Ordinatio
1577 3842 1893 3895 novennalis
1943 3841 2159 3896 unionis
2209 3839 2506 3912 imperialis
2554 3840 2942 3896 confederatio·

282 3933 370 3987 nis
401 3973 413 3986 .
436 3971 450 3985 .
471 3973 484 3985 .
513 3933 585 3986 30
613 3974 626 3985 .
650 3972 663 3984 .
688 3973 700 3984 .
725 3932 939 4002 januar.
972 3972 985 3985 .
1009 3971 1021 3983 .
1045 3972 1057 3984 .
1084 3948 1133 3986 6.
1157 3930 1297 3985 1535
1333 3930 1389 3984 in
1430 3930 1637 3984 Werda
1671 3930 1919 3984 Danubii
1957 3932 2248 3985 conclusae
2285 3939 2342 3985 et
2378 3931 2435 3983 in
2473 3929 2945 4005 confederatorum

198 4028 559 4083 3560676616
597 4028 794 4091 postea
828 4021 899 4075 ad
934 4021 1262 4076 dominicam
1291 4020 1665 4075 misericordia
1699 4019 1906 4074 domini
1932 4018 2100 4089 [Apr.
2132 4019 2242 4091 11].
2308 4019 2634 4091 Laugingae
2669 4020 2944 4075 celebrato

282 4110 604 4182 publicatae
640 4118 699 4164 et
734 4110 1009 4181 sigillatae
1044 4111 1101 4164 in
1137 4109 1310 4177 Rom,
1360 4110 1525 4164 Arch.
1570 4110 1690 4164 Vat.
1730 4110 1883 4162 Arm.
1924 4110 1995 4164 64
2030 4109 2152 4164 Vol.
2191 4112 2224 4164 6
2260 4108 2354 4164 fol.
2394 4111 2623 4165 60—78
2662 4109 2790 4179 Gop.
2863 4109 2944 4164 Es

284 4203 360 4256 ist
398 4200 487 4254 dic
524 4217 564 4254 s.
598 4217 652 4270 9.
689 4198 1055 4270 munjdhriye
1092 4185 1414 4254 kaiscrliche
1450 4198 1762 4269 Einiqwnq,
1801 4198 1891 4253 ein
1934 4199 2171 4254 Versuch
2206 4199 2316 4254 den
2361 4200 2512 4253 alte-n
2546 4198 2945 4254 schenah-:sehon

287 4289 465 4344 Rama
496 4306 567 4344 zu
603 4303 902 4356 menan,-
937 4288 1022 4342 als
1056 4288 1409 4359 eiqentlicher
1436 4286 1701 4342 Grande?-
1736 4287 1839 4341 der
1865 4286 2161 4358 Einiyumq
2197 4288 2267 4343 ist
2303 4289 2401 4342 der
2437 4288 2704 4342 bairi-§che
2730 4286 2944 4341 Staats-

285 4397 460 4435 marum
493 4377 794 4434 Leonhara
837 4393 944 4432 von
978 4376 1103 4431 Eck
1148 4392 1220 4431 zu
1258 4376 1602 4443 bezeichnen5
1649 4391 1704 4430 cs
1748 4377 1904 4432 sollte
1953 4377 2131 4432 durch
2177 4377 2321 4432 diosc
2371 4375 2789 4446 Orqanisation,
2835 4391 2946 4429 von

201 4469 387 4525 4011oe
420 4486 571 4537 man,
608 4468 710 4522 wie
744 4465 941 4521 Ranke
977 4466 1093 4521 sich
1128 4465 1435 4522 mdmckt
1470 4466 1769 4533 (Deutsche
1805 4466 2121 4522 Geschichte
2157 4466 2265 4520 Ba.
2302 4470 2339 4520 4
2373 4464 2427 4520 Β.
2467 4468 2587 4535 50),
2632 4465 2787 4519 nicht
2823 4480 2944 4518 vor·

287 4559 551 4615 ausseloen
577 4558 781 4613 konnte
807 4551 930 4624 dass
964 4556 1041 4609 sie
1076 4573 1137 4611 so
1172 4556 1350 4625 weniq
1389 4555 1578 4610 leistm
1601 4555 1810 4623 wito-de,
1847 4555 2268 4625 hauptsachzich
2292 4555 2421 4624 jede
2456 4555 2665 4610 weitere
2698 4554 2946 4622 religiose

288 4646 590 4717 Neummy
626 4647 761 4700 iiber
795 4644 902 4699 den
938 4643 1442 4713 Reliqimassrieden
1478 4661 1602 4712 von*
1620 4645 1923 4713 Narnbery
1962 4644 2165 4698 himma
2199 4644 2511 4699 verhindert
2545 4643 2771 4698 werden.

431 4735 477 4807 ²)
512 4735 566 4790 S.
603 4751 652 4791 o.
690 4752 778 4789 nr.
818 4736 926 4788 127
940 4750 981 4788 e.

2403 4821 2474 4877 24
2490 4821 2516 4851 t

2997 543 3138 595 1535

2961 612 3090 667 Mai
3127 616 3163 665 6

2965 3216 3093 3271 Mai
3131 3220 3166 3269 6
