3500 5300
3471 0 3477 180 ⁴

607 356 717 421 W
1504 364 1603 420 No.
1621 365 1740 421 ῐ’1οε
1781 365 1919 421 1587
1957 364 2250 421 November
2287 368 2371 422 15.

400 560 541 611 1537
787 559 842 623 11
887 561 1108 646 giorno
1156 562 1373 625 avanti
1421 559 1537 626 che
1581 562 1953 648 partissemo
2000 562 2086 626 da
2132 562 2382 628 Vienna
2411 564 2482 650 ¹),
2529 570 2749 650 questo
2795 563 2984 629 Ser¹³¹¹⁰
3029 587 3102 629 re
3161 587 3276 651 per

343 627 483 683 Νου·
523 633 592 683 15
611 667 650 730 il
700 688 971 731 vescovo
1019 667 1083 731 di
1129 668 1339 755 quella
1384 670 1511 733 citii.
1555 690 1635 733 ne
1679 669 1818 734 fece
1876 669 2030 734 dare
2089 670 2151 734 la
2208 670 2589 735 resolutione
2649 672 2814 735 circa
2875 671 2920 735 il
2979 693 3273 757 possesso

608 773 750 838 dell'
799 773 1059 839 abbatia
1104 773 1205 840 del
1250 776 1376 840 ΒΜ
1435 777 1650 863 signor
1709 777 2035 842 cardinale
2081 776 2362 843 Farnese
2389 779 2460 862 ¹).
2551 778 2698 865 qual
2759 778 3143 844 resolutione
3206 779 3274 844 fu

611 880 727 946 che
772 880 1067 948 havendo
1114 882 1244 948 Sua
1289 882 1536 948 Maesta
1579 886 1788 970 prima
1830 884 1989 948 fatto
2049 891 2313 950 trattare
2373 885 2415 949 il
2474 887 2743 971 negocio
2803 885 2904 950 nel
2966 887 3271 972 consiglio

609 989 934 1075 maggiore
981 989 1143 1054 delle
1187 993 1514 1078 provincie
1560 993 1629 1057 fu
1674 992 1948 1056 resoluto
2012 991 2380 1057 ch’essendo
2438 993 2480 1057 il
2540 992 2874 1058 moderno·
2914 1015 3271 1079 possessore
3318 1005 3348 1056 5

608 1096 795 1160 eletto
843 1096 993 1162 dalli
1042 1098 1208 1181 frati,
1256 1098 1609 1186 approbato
1642 1099 1807 1164 dalle
1851 1100 2182 1185 provincie
2214 1099 2487 1164 secondo
2536 1100 2578 1163 il
2611 1074 2754 1164 stilo
2800 1117 2864 1165 et
2895 1101 3267 1166 confirmato

609 1203 694 1267 da
739 1204 869 1269 Sua
900 1204 1148 1269 Maesta
1196 1228 1322 1269 non
1369 1207 1419 1270 si
1467 1215 1654 1292 potea
1701 1229 1890 1271 senza
1919 1229 2220 1293 expressa
2270 1207 2582 1271 iniusticia
2624 1215 2689 1272 et
2719 1229 2907 1273 senza
2953 1208 3269 1274 offendere

609 1310 648 1374 li
719 1311 937 1376 ordeni
1007 1310 1166 1376 delle
1227 1314 1549 1399 provincie
1609 1314 1688 1377 de
1746 1315 1915 1378 facto
1974 1313 2313 1400 spogliarlo
2372 1314 2541 1379 dalla
2599 1317 3013 1400 possessione.
3109 1315 3268 1381 della

610 1416 795 1504 quale
852 1419 1125 1504 risposta
1182 1420 1309 1486 Sua
1370 1420 1616 1485 Maesta
1674 1421 2038 1486 desiderosa
2095 1421 2162 1486 di
2222 1423 2619 1508 compiacere
2679 1423 2737 1487 al
2798 1423 3091 1508 predetto
3148 1423 3266 1488 ΒΙΙΙῡ

610 1548 736 1590 non
782 1534 1076 1590 contenta
1120 1527 1378 1592 redusse
1427 1528 1488 1592 la
1535 1552 1684 1593 cosa
1729 1528 1829 1593 nel
1861 1528 2166 1614 consiglio
2213 1530 2469 1615 proprio
2502 1551 2617 1615 per
2660 1531 2976 1594 ritrovare
3006 1529 3268 1617 qualche
3287 1539 3345 1592 10

609 1636 715 1698 via
760 1634 827 1698 di
874 1635 1204 1717 satisfarli3
1250 1658 1355 1699 ma
1401 1658 1515 1722 per
1545 1657 1747 1700 essere
1795 1634 1856 1700 al
1902 1644 2188 1722 presente
2220 1636 2351 1702 Sua
2381 1636 2626 1701 Maesta
2671 1638 2735 1700 in
2770 1638 2976 1724 questi
3023 1639 3268 1702 termini

611 1741 728 1806 che
774 1739 856 1804 ha
901 1740 1167 1827 bisogno
1228 1743 1295 1807 di
1358 1744 1529 1808 aiuto
1588 1743 1747 1808 delle
1809 1744 2137 1830 provincie
2197 1743 2358 1808 oltra
2415 1744 2458 1809 il
2517 1743 2724 1809 colore
2783 1742 2951 1808 della
3009 1745 3269 1826 iusticia,

609 1848 795 1936 quale
842 1848 1069 1912 dicono
1115 1870 1321 1915 essere
1365 1850 1469 1915 dal
1517 1857 1708 1915 canto
1757 1850 1845 1915 dil
1887 1873 2249 1937 possessore
2294 1873 2409 1938 per
2454 1853 2511 1916 le
2556 1853 2801 1937 ragioni
2850 1854 3269 1938 soprascritte‚

610 1978 738 2020 non
786 1957 838 2019 si
885 1958 920 2020 ὸ
966 1965 1223 2042 possuto
1272 1956 1503 2022 havere
1549 1957 1709 2022 altra
1756 1957 2162 2045 expeditione
2208 1957 2323 2023 che
2370 1960 2431 2023 la
2476 1960 2700 2044 prima,
2748 1981 2939 2046 sopra
2986 1959 3048 2023 la
3091 1959 3270 2046 quale

612 2063 741 2128 Sua
787 2063 1034 2128 Maesta
1078 2064 1289 2151 doppo
1336 2066 1424 2128 mi
1470 2065 1637 2129 disse
1685 2065 1801 2129 che
1848 2065 1890 2130 li
1926 2087 2338 2130 teneresceva
2384 2067 2548 2130 assai
2580 2089 2707 2130 non
2753 2064 2988 2131 havere
3017 2074 3348 2153 possutolb
3475 2079 3476 2144 ζ

609 2169 744 2235 fare
789 2171 1062 2236 secondo
1109 2172 1361 2236 l'animo
1407 2196 1541 2255 suc,
1586 2171 1818 2259 perche
1877 2195 1991 2259 per
2047 2173 2227 2238 molti
2285 2174 2532 2261 rispetti
2589 2183 2652 2238 et
2709 2174 2989 2238 maxime
3046 2196 3162 2260 per
3212 2175 3270 2239 la
3475 2181 3476 2188 ’

610 2276 781 2342 bona
811 2301 1117 2365 speranza
1149 2278 1265 2344 che
1312 2281 1365 2343 si
1412 2280 1493 2344 ha
1540 2279 1602 2343 di
1636 2280 1781 2366 quel
1828 2280 2165 2364 cardinale,
2214 2280 2478 2345 essendo
2520 2280 2858 2345 informato
2892 2280 3064 2345 dalla
3109 2280 3268 2345 bona

609 2385 839 2468 indole,
886 2388 1051 2451 assai
1099 2387 1477 2451 desiderava
1522 2387 1940 2473 compiacerli.

790 2492 920 2573 Qui
964 2496 1030 2558 in
1078 2494 1337 2560 Gretzio
1385 2495 1433 2559 si
1482 2495 1546 2560 fa
1593 2493 1657 2559 la
1701 2495 1872 2561 dieta
1915 2517 2030 2581 per
2075 2495 2230 2560 dare
2276 2495 2497 2560 ordine
2542 2517 2656 2582 per
2700 2496 2909 2560 l'anno
2957 2504 3270 2583 sequente,

610 2600 913 2665 accioche
960 2603 979 2665 i
1026 2600 1266 2667 Turchi
1316 2626 1440 2667 non
1489 2603 1743 2690 pessino
1792 2604 1925 2668 fare
1971 2602 2184 2668 danno
2230 2604 2297 2668 in
2328 2610 2547 2690 queste
2592 2611 2787 2690 parte.
2850 2610 2914 2668 et
2960 2611 3351 2690 quantun-20
3475 2621 3476 2624 ’

608 2731 732 2796 que
779 2710 830 2773 si
878 2710 1051 2773 tratti
1097 2710 1516 2796 grandissimo
1565 2713 1863 2776 interesse
1909 2710 1973 2775 di
2020 2720 2238 2797 queste
2296 2712 2654 2798 provincie,
2715 2711 3100 2776 nondimeno
3161 2734 3272 2798 per

610 2817 667 2881 le
712 2816 900 2881 molte
945 2839 1125 2902 spese
1170 2816 1287 2882 che
1333 2818 1498 2883 hano
1545 2818 1782 2883 havuto
1843 2816 1884 2882 li
1941 2819 2092 2882 anni
2150 2819 2391 2904 passati
2448 2810 2516 2883 et'
2569 2841 2684 2904 per
2740 2818 2802 2881 la
2860 2841 3034 2883 nova
3091 2820 3272 2883 ruina

609 2921 712 2988 del
756 2932 973 2989 nostro
1019 2926 1300 2990 exercito
1358 2926 1421 2990 di
1493 2925 1878 2991 Schiavonia
1948 2924 2172 2990 dubito
2235 2927 2379 2991 sara
2448 2925 2703 2990 difficile
2773 2948 2923 2990 cosa
2991 2925 3272 2991 adunare

609 3052 943 3096 numeroso
989 3039 1052 3096 et
1095 3040 1351 3118 potente
1395 3034 1688 3099 exercito,

788 3137 857 3204 Si
903 3138 986 3203 ha
1031 3162 1148 3225 per
1193 3148 1364 3205 certo
1411 3139 1457 3204 il
1517 3146 1700 3205 conte
1745 3139 2076 3206 Ludovico
2134 3140 2214 3204 de
2260 3139 2557 3205 Lodrone
2614 3162 2818 3205 essere
2878 3140 3030 3205 vivo
3092 3148 3350 3227 preso25

611 3246 677 3309 in
722 3269 913 3312 mano
960 3246 1040 3312 de
1084 3247 1344 3330 Turchi,
1390 3246 1434 3310 il
1480 3249 1772 3334 capitano
1819 3246 2111 3333 generale
2141 3246 2289 3312 delli
2334 3247 2507 3335 quali
2538 3268 2604 3311 se
2648 3247 2789 3311 dice
2819 3269 3025 3313 essere
3070 3256 3272 3313 morto

612 3376 732 3418 con
780 3355 893 3440 piu
940 3353 1005 3418 di
1052 3364 1225 3421 3000
1272 3377 1535 3441 persone
1579 3356 1646 3419 in
1694 3354 1903 3441 quella
1947 3353 2227 3440 bataglia
2252 3356 2336 3444 3),
2382 3353 2545 3419 nella
2590 3353 2775 3441 quale
2821 3352 3027 3442 quelle
3073 3354 3272 3441 poche

611 3460 858 3525 fantare
904 3461 1090 3549 quale
1135 3469 1417 3526 restorno
1481 3485 1602 3527 con
1662 3463 1705 3526 il
1767 3470 1950 3527 conte
2008 3461 2088 3526 de
2134 3461 2460 3545 Lodrone,
2522 3459 2945 3526 combatendo
3005 3469 3172 3527 tutto
3231 3461 3272 3525 il

610 3569 833 3654 giorno
880 3576 1164 3633 restorno
1209 3571 1389 3656 quasi
1435 3576 1595 3633 tutte
1640 3578 1859 3634 morte.
1950 3578 2014 3634 et
2058 3592 2187 3634 non
2235 3570 2270 3633 e
2316 3567 2544 3652 dubie,
2608 3592 2676 3633 se
2718 3567 2783 3632 la
2827 3567 3070 3634 villana
3123 3570 3270 3655 fuga

611 3675 713 3739 del
776 3678 1069 3762 capitano
1128 3676 1421 3762 generale
1482 3699 1601 3741 con
1671 3677 1852 3764 quasi
1907 3685 2072 3741 tutta
2137 3675 2202 3741 la
2270 3676 2608 3742 cavalleria
2675 3699 2803 3740 non
2870 3676 3042 3740 fusse
3111 3683 3346 3741 statatffl

613 3785 831 3847 avanti
888 3781 946 3848 el
1003 3785 1316 3871 principio
1375 3783 1477 3848 del
1534 3782 1846 3866 conflitto,
1918 3784 2035 3849 che
2092 3785 2136 3849 li
2193 3785 2389 3849 nostri
2448 3782 2799 3848 sarebbeno
2857 3785 3102 3849 rimasti
3156 3784 3268 3848 vit·

614 3891 845 3955 toriosi.

791 3998 960 4064 Sono
1008 4001 1173 4085 presi
1223 4009 1304 4064 24
1352 4000 1527 4085 pezzi
1572 3997 1998 4084 d'artegliaria
2040 4021 2289 4084 grossa,
2345 3999 2514 4063 circa
2562 4007 2690 4065 600
2737 3996 2989 4063 homeni
3035 3998 3266 4063 d'armc

613 4105 877 4170 Bohemi
923 4114 985 4169 et
1029 4105 1095 4170 di
1141 4106 1449 4189 Saxonis,
1496 4105 1669 4193 quali
1713 4106 1898 4170 furno
1945 4107 2197 4171 ritenuti
2247 4104 2352 4171 dal
2397 4105 2685 4192 predetto
2731 4116 2949 4189 conte,
2995 4115 3062 4170 et
3106 4107 3262 4170 circa

614 4223 789 4281 4000
836 4214 1027 4298 fanti,
1071 4214 1175 4278 nei
1221 4212 1393 4301 quali
1446 4234 1639 4278 erano
1691 4223 1861 4280 1500
1915 4213 2201 4296 Italiani3
2259 4235 2366 4277 ma
2425 4212 2543 4278 che
2603 4211 2646 4277 li
2692 4212 2933 4278 Turchi
2993 4211 3260 4278 habbino
3274 4217 3336 4270 35

612 4322 811 4408 patito
858 4343 1018 4407 gran
1066 4320 1277 4385 danno
1324 4320 1359 4385 ὲ
1406 4342 1598 4407 seg-no
1628 4320 2099 4386 evidentissimo
2146 4319 2261 4384 che
2292 4319 2503 4407 doppo
2551 4320 2614 4384 la
2643 4321 2900 4385 vittoria
2945 4343 3075 4386 non
3105 4319 3258 4385 hano

758 4499 803 4570 ¹)
842 4500 1006 4554 Naeh
1041 4500 1162 4554 dem
1190 4500 1441 4554 Itinerar
1478 4529 1545 4538 —
1584 4499 1932 4568 vql.Forseh.
1961 4516 2004 4553 z.
2035 4498 2330 4554 deutschen
2358 4499 2547 4554 Gesch.
2575 4499 2685 4554 Ba.
2715 4500 2757 4554 I
2777 4499 2832 4554 S.
2853 4500 3027 4567 384ff.
3060 4529 3127 4538 --
3152 4514 3259 4553 noar

612 4590 685 4646 K.
712 4589 1052 4645 Ferdinand
1080 4589 1165 4644 bis
1188 4607 1312 4644 zum
1341 4593 1374 4642 4
1402 4589 1702 4644 November
1736 4590 1801 4643 in
1841 4589 2018 4657 Wien,
2055 4606 2147 4642 am
2173 4593 2222 4643 9.
2258 4590 2323 4643 in
2352 4589 2559 4658 Bruck,
2595 4590 2700 4645 seit
2733 4588 2960 4671 demqll.
2988 4589 3055 4644 in
3083 4588 3255 4643 Grata

756 4678 802 4751 ²)
852 4680 966 4748 Vyl.
1005 4680 1139 4735 oben
1173 4696 1259 4734 nr.
1296 4682 1383 4733 55.

758 4766 804 4841 Β>
841 4768 1008 4840 1m‘9.
3271 4760 3335 4814 ω
