3500 5300
1196 355 1294 410 No.
1341 358 1472 411 14¹⁸:
1516 356 1651 412 1538
1686 356 1798 410 Jnli
1826 357 1875 410 5.
2767 351 2877 412 449

209 551 508 617 mandare
555 575 637 616 un
686 575 947 617 numero
995 553 1061 618 di
1121 553 1351 618 cavalli
1412 554 1513 618 nel
1577 552 1742 618 ditto
1798 562 2056 618 contato
2114 553 2233 618 che
2293 553 2336 617 li
2387 552 2758 618 infeririano
2807 552 2875 618 di
2928 555 3070 608 1338

209 681 365 745 gran
412 657 624 724 dauni.
692 660 853 725 ult-ra
888 659 951 724 di
985 662 1106 740 cio,
1137 659 1391 746 quando
1439 661 1500 725 16
1547 683 1695 726 0036
1727 661 1995 725 fusseno
2039 662 2102 724 in
2153 663 2416 724 termine
2449 660 2565 723 che
2611 659 2876 724 l’occor-

211 788 382 831 resse
428 767 549 831 che
594 765 742 831 ditti
787 769 1058 854 principi
1109 767 1443 832 facesseno
1490 776 1999 854 scopertamente
2061 791 2289 853 guerra
2349 767 2473 831 allo
2537 769 2879 854 imperator

212 882 275 936 et
318 873 401 938 ad
447 871 636 938 Ser¹¹²⁰
683 896 751 937 re
798 872 876 937 de
924 873 1214 953 Romani,
1260 877 1312 938 si
1363 875 1743 939 offeriscono
1793 877 2006 938 unirse
2069 897 2195 938 non
2245 875 2593 939 solamente
2641 898 2784 940 cum
2832 874 2873 938 li

154 992 194 1045 5
212 981 476 1068 principi
525 979 820 1045 catholici
870 979 1004 1044 loro
1052 984 1257 1060 amici,
1304 1004 1405 1046 ma
1453 984 1645 1045 etiam
1677 1004 1824 1045 cum
1871 980 1913 1044 li
1962 981 2329 1059 Lutherani,
2376 979 2547 1066 quali
2594 1003 2720 1046 non
2768 980 2878 1045 de-

210 1088 503 1153 siderano
551 1086 917 1153 alcun’altra
982 1111 1131 1153 cosa
1195 1091 1690 1174 maggiormente
1751 1086 1818 1152 di
1889 1089 2099 1175 quello
2167 1088 2364 1153 fanno
2431 1087 2750 1153 l'atnicitia
2811 1085 2874 1151 di

211 1194 337 1260 Sue
382 1195 800 1274 Excellentie,
848 1207 909 1259 et
958 1218 1101 1259 cum
1150 1204 1313 1258 tutte
1360 1195 1418 1258 le
1467 1194 1638 1259 forze
1674 1197 1853 1259 unite
1900 1194 2054 1260 delli
2089 1193 2348 1281 preditti
2383 1194 2645 1260 dariam»
2691 1218 2878 1281 gran-

210 1302 472 1368 dissimo
517 1302 830 1388 travaglio
877 1326 916 1366 3
962 1301 1090 1366 Sne
1137 1302 1408 1376 Maesta,
1478 1301 1557 1365 de
1626 1304 1904 1365 maniera
1977 1301 2094 1366 che
2157 1302 2497 1366 haveriano
2558 1325 2750 1367 031133
2811 1301 2880 1367 (11

212 1411 319 1497 pin
365 1418 584 1496 presto
630 1417 800 1475 stare
849 1409 1023 1474 sofra
1070 1410 1127 1473 16
1176 1408 1381 1474 difese
1428 1409 1545 1474 che
1594 1408 1883 1473 offender
1913 1409 2074 1473 altri.
2168 1419 2230 1472 et
2277 1411 2540 1473 voriano
2587 1410 2712 1474 ben
2760 1409 2877 1474 0116

120 1529 193 1581 10
209 1527 433 1604 questa
501 1517 867 1582 conditione
928 1516 1107 1582 fusse
1164 1527 1382 1582 mutua
1451 1527 1513 1581 et
1573 1519 1900 1603 reciproca
1974 1539 2117 1580 cum
2170 1514 2412 1581 Vostra
2480 1516 2877 1582 Celsitudine

209 1627 273 1689 in
321 1647 471 1690 caso
516 1623 635 1690 che
680 1625 817 1689 loro
864 1624 1126 1689 fusseno
1173 1625 1398 1704 invasi,
1446 1626 1508 1688 in
1558 1623 1771 1710 quello
1830 1624 2055 1689 favore
2114 1628 2267 1710 pero
2326 1623 2443 1688 che
2503 1623 2682 1689 fusse
2730 1646 2880 1688 con-

209 1734 505 1797 veniente
551 1732 635 1796 ad
681 1735 923 1818 potersi
967 1731 1106 1796 fare
1153 1730 1258 1795 dal
1305 1741 1496 1796 canto
1543 1730 1609 1795 di
1656 1730 1885 1816 quella.

386 1839 485 1904 Mi
516 1823 956 1905 dechiarirono
1003 1841 1110 1925 poi
1145 1848 1240 1902 tre
1271 1861 1428 1924 gran
1462 1837 1739 1923 quei-elle
1788 1837 1902 1901 che
1944 1837 2154 1902 hanno
2188 1849 2408 1903 contra
2440 1838 2565 1904 due
2597 1839 2877 1903 Maesta:

208 1947 272 2012 la
316 1949 520 2038 prima
564 1945 683 2012 0116
731 1944 1002 2012 633611ᾶο
1050 1947 1294 2009 nascita
1350 1954 1524 2010 certa
1590 1947 2028 2010 controversia
2088 1953 2184 2008 tra
2246 1945 2309 2008 10
2355 1943 2508 2009 Ill¹¹¹⁰
2556 1945 2720 2010 duca
2765 1945 2881 2010 Al-

119 2071 189 2123 15
208 2055 408 2132 berto,
452 2052 651 2140 padre
697 2052 846 2118 delli
894 2052 1154 2140 preditti
1207 2054 1502 2139 principi,
1568 2063 1633 2116 et.
1679 2052 1723 2115 li
1772 2050 1964 2117 duchi
2013 2050 2182 2116 della
2227 2051 2502 2117 Bavaria
2549 2051 2881 2143 Inferiore,

209 2171 275 2226 et·
318 2163 540 2226 venuti
586 2160 707 2225 alle
754 2183 926 2225 arme
959 2183 1029 2225 se
1060 2163 1384 2246 interpose
1432 2160 1475 2224 il
1524 2158 1713 2223 Ser¹¹¹0
1763 2159 2158 2224 Maximiano
2207 2161 2551 2246 imperator
2595 2158 2696 2224 bo.
2741 2183 2879 2239 me„

207 2270 272 2334 la
317 2267 545 2333 sorella
591 2266 697 2332 del
742 2267 930 2353 quale
978 2290 1084 2332 era
1143 2266 1375 2352 moglie
1436 2266 1540 2332 del
1602 2267 1856 2355 prefato
1913 2265 2078 2332 duca
2125 2266 2393 2332 Alberto
2440 2277 2503 2331 et
2549 2266 2767 2332 madre
2813 2267 2880 2332 di

211 2377 337 2440 essi
383 2374 493 2441 dui
540 2377 836 2461 principi,
884 2385 949 2439 et
995 2374 1212 2461 doppo
1243 2385 1577 2461 composto
1622 2376 1683 2439 le
1730 2397 1882 2440 cose
1927 2385 2024 2439 tra
2055 2377 2180 2438 essi
2227 2373 2272 2438 il
2305 2372 2494 2438 Serm
2539 2376 2882 2461 imperator

224 2482 474 2570 prefato
521 2482 698 2547 volse
746 2491 995 2568 quattro
1042 2491 1208 2546 terre
1253 2480 1319 2546 di
1367 2483 1491 2546 essi
1538 2484 1777 2567 signori
1825 2481 1893 2545 di
1938 2480 2231 2560 Baviera,
2292 2482 2462 2567 quali
2508 2505 2667 2547 sono
2730 2481 2882 2547 nelli

117 2607 199 2660 20
217 2589 444 2656 confini
495 2587 575 2654 de
625 2587 992 2676 Hyspruch‚
1048 2611 1165 2675 per
1209 2589 1268 2653 16
1317 2611 1503 2676 spese
1553 2588 1671 2654 che
1718 2587 1902 2653 dicea
1952 2587 2152 2654 haver
2195 2588 2361 2653 fatto
2409 2588 2489 2654 de
2537 2587 2880 2657 condursili

212 2720 330 2783 per
374 2720 566 2762 031133
615 2697 696 2761 de
745 2695 905 2761 ditta
953 2697 1434 2782 compositione,
1481 2709 1543 2761 et
1592 2695 1635 2761 li
1683 2718 1844 2761 sono
1889 2705 2108 2759 tenute
2155 2698 2281 2760 flno
2329 2720 2366 2761 3
2399 2708 2625 2783 questo
2655 2700 2880 2783 giorno

212 2827 357 2869 cum
403 2804 644 2890 grande
698 2804 838 2868 loro
895 2804 1188 2868 molestia
1237 2814 1298 2867 et
1347 2802 1769 2889 displicentia.
1863 2804 1920 2867 la
1970 2804 2247 2869 seconda
2296 2802 2415 2870 che
2447 2802 2719 2869 essendo
2767 2828 2881 2869 va·-

211 2921 355 2978 cato
402 2911 449 2977 il
494 2933 690 2996 regno
748 2910 830 2976 de
875 2910 1183 2975 Bohemia
1254 2934 1368 2996 per
1440 2911 1499 2974 la
1570 2922 1773 2974 morte
1845 2909 1948 2974 del
2011 2934 2078 2974 re
2139 2911 2361 2976 ultimo
2417 2909 2482 2974 di
2527 2910 2880 2998 Hungaria,

209 3018 402 3107 quelli
448 3018 670 3084 baroni
720 3017 786 3083 di
833 3017 1143 3082 Bohemia
1189 3017 1652 3083 desideravano
1700 3017 1934 3082 havere
1981 3040 2097 3104 per
2142 3039 2257 3082 suo
2306 3041 2373 3081 re
2421 3019 2483 3082 lo
2515 3017 2668 3081 Ill¹¹⁰⁰
2715 3017 2879 3083 duca

111 3142 190 3197 ‘25
209 3126 566 3207 Ludovico,
633 3140 761 3190 ’11110
808 3125 872 3190 (11
924 3125 1046 3188 6331
1096 3127 1387 3211 principi,
1459 3135 1522 3189 et
1570 3134 1763 3187 stette
1825 3147 2005 3189 come
2065 3124 2259 3190 eletto
2331 3149 2448 3212 per
2507 3138 2600 3191 tre
2657 3128 2878 3210 giorni.

210 3233 402 3320 dapoi
463 3256 607 3298 cum
670 3234 861 3297 mezzi
934 3230 1217 3296 indiretti
1266 3235 1475 3318 questi
1538 3233 1580 3296 li
1632 3233 1931 3296 levarono
2001 3231 2210 3317 quella
2279 3254 2512 3297 corona
2570 3216 2636 3297 di
2697 3242 2878 3297 testa.

210 3343 273 3407 13
316 3351 507 3421 terza,
569 3340 686 3404 che
733 3346 767 3402 6
828 3340 887 3404 13
934 3340 1287 3427 principale
1336 3352 1395 3403 et
1460 3340 1576 3404 che
1638 3340 1935 3404 istimano
1996 3338 2060 3403 di
2120 3342 2401 3424 maggior
2461 3350 2799 3420 momento,
2845 3347 2879 3404 6

210 3448 328 3514 0116
375 3447 650 3513 633611ἀο
695 3446 759 3511 13
806 3446 1105 3531 fameglia
1154 3469 1266 3511 sua
1330 3448 1769 3532 antiquissima
1818 3458 1880 3510 et
1928 3446 2045 3511 che
2108 3468 2302 3530 regna
2362 3446 2444 3511 da
2515 3457 2684 3515 1200
2730 3451 2880 3515 anni

208 3559 273 3620 in
321 3578 449 3642 (1113
494 3564 562 3619 et
607 3555 756 3619 stati
804 3552 953 3618 delli
987 3552 1124 3620 loro
1157 3556 1547 3618 antecessori
1583 3563 1664 3619 22
1698 3565 1794 3617 tra
1843 3555 2207 3640 imperatori
2257 3562 2320 3618 et
2367 3577 2455 3633 re,
2501 3556 2557 3618 31
2603 3564 2878 3639 tengono

108 3677 190 3736 30
208 3666 321 3749 piu
368 3661 582 3728 nobeli
630 3661 747 3727 che
792 3662 855 3724 13
885 3683 1036 3725 0333
1065 3660 1132 3725 (11
1158 3662 1439 3725 Austria.
1534 3672 1601 3726 et
1645 3660 1896 3741 dicon0,
1943 3658 2196 3746 quando
2221 3672 2446 3746 queste
2471 3660 2597 3726 due
2621 3660 2878 3726 Maesta

207 3793 338 3835 11011
383 3769 727 3835 havessero
773 3778 996 3834 tenuto
1042 3767 1211 3833 nella
1258 3767 1583 3833 ellettione
1616 3771 1658 3850 ¹)
1706 3768 1768 3832 16
1815 3768 1920 3834 vie
1967 3778 2034 3832 et
2081 3770 2276 3832 mezzi
2337 3766 2638 3846 indiretti,
2697 3790 2877 3833 come

207 3878 421 3943 hanno
468 3877 651 3956 fatte,
710 3898 900 3941 ereno
947 3879 1011 3940 in
1067 3898 1371 3962 speranza
1431 3874 1549 3940 che
1605 3875 1693 3939 tal
1754 3876 2051 3940 clettione
2098 3874 2370 3940 havesse
2416 3883 2644 3961 potuto
2689 3874 2880 3940 ceder

208 3988 276 4049 in
320 3984 473 4049 loro.
566 3992 631 4049 et
675 3992 901 4069 questa
946 3990 980 4047 e
1026 4006 1178 4048 cosa
1224 3983 1342 4049 che
1386 3980 1839 4067 grandemente
1883 3982 1926 4045 li
1959 4004 2178 4068 preme
2226 3992 2294 4045 et
2320 4002 2448 4045 non
2495 3982 2556 4045 13
2601 4003 2877 4067 possono

208 4094 434 4179 patire,
481 4106 547 4157 et
591 4096 747 4178 pero
778 4091 988 4156 hanno
1034 4090 1300 4157 l'occhio
1331 4090 1414 4156 ad
1444 4112 1569 4155 non
1618 4090 1660 4154 li
1694 4090 1896 4154 133331·
1925 4091 2034 4177 piu
2068 4088 2446 4174 ingrandire.
2508 4110 2624 4175 per
2654 4098 2880 4174 questa

109 4215 188 4270 35
208 4223 404 4267 031133
449 4199 659 4264 11311110
720 4208 943 4263 tenuto
999 4220 1157 4284 gran
1219 4196 1507 4283 pratiche
1567 4220 1712 4261 cum
1761 4196 1806 4261 il
1855 4195 2144 4261 Christ¹¹¹⁰
2191 4220 2258 4262 re
2305 4204 2370 4260 et
2415 4195 2624 4261 hanno
2671 4218 2877 4261 secre-

208 4310 669 4373 tissimamente
715 4316 1071 4372 sustentato
1117 4306 1159 4369 il
1207 4327 1275 4369 re
1320 4304 1562 4384 Zuane,
1609 4306 1785 4369 30010
1832 4326 1958 4368 11011
2005 4307 2058 4368 31
2106 4304 2270 4368 batti
2319 4303 2484 4368 nelle
2518 4302 2738 4369 brazze
2771 4302 2875 4368 del

207 4414 398 4480 Ser¹²¹⁰
442 4437 512 4479 re
558 4413 641 4480 de
686 4414 976 4479 Romani.

388 4522 484 4586 Mi
533 4521 792 4586 disseno
839 4521 1115 4586 anchora
1177 4520 1296 4584 che
1357 4521 1423 4583 in
1487 4519 1980 4583 demostratione
2029 4517 2412 4583 extrinsiche
2475 4517 2667 4582 fanno
2728 4520 2871 4601 ogni

358 4757 395 4821 ¹)
432 4755 506 4811 D.
546 4756 581 4810 i.
623 4756 706 4811 bei
743 4754 842 4809 der
889 4753 1054 4807 Wahz
1088 4752 1162 4807 K.
1202 4751 1565 4810 Ferdinands
1600 4768 1724 4805 zum
1759 4752 2063 4807 ramioehon
2101 4750 2303 4819 Ko'm'y.

319 4861 934 4904 Ruti-turbariam.
965 4862 1080 4900 ente
1109 4859 1396 4909 Abtheilunz.
1428 4858 1501 4898 aa.
1532 4858 1590 4897 11.
2381 4840 2449 4894 29

2894 623 3019 679 Juti
3056 626 3092 677 ὅ
