3500 5300
568 358 676 420 3⁰8
1490 360 1588 414 No,
1635 360 1759 414 118:
1802 361 1939 413 1534
1975 358 2209 413 Oktober
2243 360 2330 413 27.

3427 0 3479 290 i

358 562 498 612 1534
574 560 721 625 118.
832 558 1127 640 Veryerio
1194 579 1284 622 an
1352 558 1474 621 den
1540 556 2012 622 neuerwc'z'klten
2071 555 2277 637 Papst
2321 555 2500 619 Paul
2543 554 2703 619 III:
2776 555 3240 621 Glizckumnsch

325 629 444 684 ΟΜ·
480 634 554 684 2⁷
569 689 689 731 zur
734 665 1155 746 Erwc’ihluny.
1251 664 1801 745 Bereitwilliykeit
1857 665 1961 728 des
2021 664 2316 727 Nuntius
2384 663 2516 744 auf
2570 665 2803 727 seinem
2864 662 3100 726 Posten
3161 685 3243 728 eu

570 773 950 850 verbleiben;
1010 771 1415 852 andernfalls
1474 772 1653 836 Bitte
1710 794 1823 836 um
1886 772 1989 836 die
2045 770 2408 835 Erlaubnis
2449 770 2886 851 persimlicher
2945 770 3239 834 Bericht-

571 886 921 962 erstattuny
987 881 1127 944 und
1194 879 2016 960 Rechenschaftsableyuny.
2127 878 2602 961 Genuythmmy
2668 878 2755 943 K.
2825 877 2897 942 F
2889 877 3242 942 ordinantis

571 990 724 1052 iiber
791 987 1001 1051 Pauls
1081 987 1463 1067 Erhebun9;
1549 984 2341 1051 Gliickwunscksckreiben
2410 984 2740 1050 desselben.
2871 983 3070 1050 Ueber
3138 984 3242 1048 des
3291 1003 3322 1052 ῐι

571 1096 845 1175 Papstes
892 1093 1274 1174 Erklc'iruny
1320 1095 1410 1157 im
1461 1092 1769 1158 Conclave
1829 1093 1942 1157 btr.
1998 1091 2217 1157 szcil
2275 1093 2415 1156 und
2460 1092 2732 1157 Tiirken.
2824 1091 3040 1156 Keine
3085 1112 3241 1156 neue

574 1202 1007 1266 Nackrichten
1054 1221 1176 1265 aus
1234 1200 1502 1282 Unyarn
1545 1202 1665 1264 seit
1714 1200 1974 1265 Gritti’s
2024 1199 2207 1263 Tode.
2301 1198 2443 1264 Der
2480 1198 2803 1265 Cardinal
2845 1219 2966 1263 von
3021 1198 3242 1262 Trient

572 1310 727 1372 iiber
788 1311 892 1373 die
947 1309 1290 1373 Absiehten
1352 1308 1440 1373 K.
1491 1307 1908 1374 Ferdimmds
1979 1329 2086 1371 am
2154 1307 2358 1371 besten
2424 1306 2854 1371 unterrichtet.
2948 1305 3241 1387 Haltuny

576 1418 684 1480 des
730 1416 1153 1498 Landyrafen
1199 1437 1319 1480 von
1364 1416 1612 1480 Hessen
1656 1416 1798 1480 und
1838 1415 1901 1481 U
1901 1416 2097 1479 Iriehs
2141 1435 2261 1479 von
2307 1414 2753 1495 Wiirtembery.
2845 1413 3242 1496 Freiyebuny

577 1524 690 1586 der
738 1523 1133 1588 Priesterehe
1202 1523 1401 1588 durch
1471 1524 1592 1588 den
1660 1523 2095 1603 Marquafen
2163 1542 2284 1586 von
2353 1521 2603 1586 Baden.
2699 1521 3242 1602 Nothwendiykeit
3266 1540 3324 1591 ιο

577 1631 748 1695 eines
800 1629 1068 1696 Concila
1162 1631 1426 1717 [1534]
1477 1631 1741 1696 Oktober
1788 1633 1878 1695 27
1923 1630 2238 1715 [WienJ.

720 1775 843 1829 Aus
887 1773 1145 1843 Venediy,
1184 1774 1329 1827 Bibl.
1372 1773 1550 1827 Mare.
1589 1773 1703 1828 ital.
1745 1773 1813 1827 cl.
1853 1772 1906 1828 V
1944 1773 2063 1827 cod.
2103 1774 2187 1827 65.
2231 1771 2389 1827 Cone.

581 1990 776 2046 Trient
814 1990 927 2044 und
976 1987 1153 2044 furter
1201 2005 1307 2059 gen
1348 1987 1487 2042 Rom
1543 2006 1611 2042 zu
1667 1987 1898 2043 schiken
1957 1987 2170 2042 werden
2226 1984 2407 2041 haben
2448 2027 2558 2054 ...,
2595 1986 2669 2042 ist
2719 2004 2884 2042 unser
2921 1986 3108 2042 befehl
3144 1989 3245 2043 dass

581 2081 667 2135 ihr
716 2081 803 2134 die
854 2087 982 2150 post
1023 2121 1070 2132 ..
1143 2095 1247 2132 von
1297 2078 1461 2133 stund
1500 2095 1569 2131 an
1622 2077 1872 2133 dreifach
1909 2078 2057 2149 leget
2097 2118 2145 2131 ..
2168 2118 2210 2144 .‚
2248 2076 2422 2131 damit
2471 2092 2665 2131 unscre
2702 2076 2903 2131 sachen
3069 2077 3244 2150 gefur-

580 2171 703 2224 dert
741 2169 970 2222 werden.
1049 2168 1375 2235 Innsbruck‚
1434 2167 1821 2221 Statthalterei
1858 2167 2067 2221 Archiv
2104 2165 2458 2237 Copiarbuch
2497 2166 2543 2218 E
2584 2168 2650 2220 13
2687 2166 2780 2220 fol.
2817 2166 2962 2221 540¹»
3003 2167 3135 2237 Cop.
3172 2184 3246 2222 co.
3271 2173 3326 2224 15

580 2259 769 2322 (Nach
805 2258 1066 2325 erfolyter
1107 2257 1424 2327 Papstwahl
1462 2256 1653 2310 warde
1700 2256 1790 2311 dle
1841 2256 2165 2327 Versstywnq
2211 2262 2377 2310 anter
2425 2255 2544 2309 dem
2579 2259 2648 2309 12
2682 2255 2985 2311 November
3018 2257 3246 2310 zur-tick-

580 2364 840 2417 9ezoqen:
876 2346 1122 2401 ebendas.
1164 2347 1253 2400 sol.
1291 2347 1430 2400 582·
1454 2346 1505 2414 b)
1602 2346 1780 2416 Papst
1818 2348 2060 2401 Clemens
2094 2346 2251 2400 starb
2289 2363 2381 2399 am
2416 2347 2492 2399 25
2528 2345 2839 2414 September
2874 2347 3034 2411 1534,
3085 2347 3246 2400 nach·

585 2437 707 2489 dem
743 2437 861 2489 sein
899 2435 1159 2489 Zustand
1196 2437 1278 2489 bis
1315 2437 1433 2500 last
1468 2438 1668 2490 zuletzt
1718 2435 2182 2501 manniclifachen
2218 2434 2674 2504 Schwankunyen
2707 2434 3084 2500 unterwovfen
3120 2452 3246 2489 war.

597 2514 735 2579 Uber
769 2526 914 2579 seine
953 2524 1105 2579 letzte
1144 2524 1456 2578 Krankheit
1494 2525 1783 2579 rerbreitet
1818 2525 1932 2579 sich
1970 2524 2253 2579 Aleander
2288 2526 2353 2579 in
2399 2525 2571 2577 einem
2620 2542 2710 2578 am
2745 2523 3060 2593 Sterbetaye
3095 2526 3250 2580 selbst

586 2633 655 2670 ,m
695 2614 933 2684 Venediy
967 2616 1377 2683 yesclmebenen
1408 2614 1599 2680 Briefe
1637 2632 1713 2668 an
1743 2614 1849 2670 den
1880 2613 2157 2669 Cardinal
2193 2631 2298 2669 von
2327 2614 2556 2669 Limich
2583 2613 2777 2670 Erard
2805 2630 2910 2669 ron
2938 2614 3038 2669 der
3056 2615 3329 2671 Mark:·20

591 2705 668 2760 Ut
704 2705 771 2758 de
826 2702 1104 2774 pontificis
1160 2705 1334 2774 ipsius
1389 2704 1704 2758 valetudine
1761 2704 1969 2775 aliquid
2028 2704 2166 2759 certi
2202 2722 2237 2758 a
2273 2721 2360 2759 me
2410 2704 2619 2759 habeas
2674 2705 2820 2759 inter
2855 2721 2920 2758 ea
2958 2722 3104 2776 quae
3139 2714 3250 2759 tam

587 2795 946 2849 diversimode
974 2794 1103 2849 hinc
1134 2794 1258 2849 inde
1286 2793 1620 2861 scribuntur,
1650 2795 1794 2848 scias
1822 2794 1984 2848 velim
2018 2791 2337 2864 pontificem
2375 2794 2471 2848 diu
2499 2811 2627 2849 cum
2647 2792 2839 2848 morbo
2875 2794 3042 2848 variis
3081 2795 3251 2849 modis

589 2883 1017 2952 conflictantem,
1055 2891 1119 2938 ut
1155 2901 1300 2939 nunc
1338 2883 1405 2938 de
1443 2883 1591 2937 illius
1629 2891 1821 2952 morte,
1859 2901 2006 2938 nunc
2045 2883 2483 2938 convalescentia
2519 2900 2554 2937 a
2591 2883 2780 2937 multis
2799 2883 3152 2953 scriberetur,
3188 2901 3250 2938 eo

590 2974 809 3028 tandem
847 2974 935 3026 die
974 2990 1114 3027 nova
1149 2974 1313 3044 hujus
1350 2973 1648 3028 deductum
1686 2972 1860 3027 fuisse
1897 2980 1962 3027 ut
1997 2972 2285 3042 deplorata
2332 2972 2507 3042 ipsius
2556 2973 2735 3028 salute
2786 2972 2982 3027 medici
3037 2973 3250 3027 nonnisi

591 3064 879 3117 triduanae
916 3063 1063 3117 vitae
1100 3065 1391 3118 termimvn
1429 3063 1479 3117 ei
1534 3063 1756 3117 darent:
1814 3080 1985 3133 quum
2041 3079 2172 3117 ecce
2220 3061 2485 3132 postridie
2539 3063 2679 3117 tanti
2736 3062 3071 3130 certaminis,
3127 3064 3330 3117 dum25

594 3153 865 3223 susceptis
901 3151 974 3206 ab
1011 3169 1075 3207 eo
1114 3171 1315 3224 magna
1351 3154 1557 3223 pietate
1606 3151 1862 3207 omnibus
1910 3152 2269 3207 sacramentis
2319 3150 2640 3221 pollintores
2687 3160 2744 3206 et
2779 3152 3110 3222 vespillones
3150 3152 3252 3219 {die
3473 3146 3474 3217 1

594 3241 1098 3312 Leichenbesoryerl
1138 3259 1196 3295 se
1233 3243 1301 3296 ad
1341 3259 1442 3297 sua
1478 3258 1708 3296 munera
1735 3241 1990 3296 obeunda
2008 3242 2312 3313 accingunt
2348 3249 2406 3295 ct
2441 3240 2774 3295 vestibulum
2795 3239 3068 3312 pontificii
3107 3241 3253 3298 cubi·

594 3331 705 3385 culi
743 3338 890 3385 esset
919 3332 1034 3401 jam
1073 3348 1106 3384 a
1143 3330 1364 3386 famulis
1391 3332 1746 3399 denudatum,
1785 3331 1981 3385 mirum
2011 3331 2166 3385 dictu
2185 3329 2434 3401 pontifex
2470 3331 2551 3384 ita
2586 3338 2811 3401 repente
2833 3332 2993 3402 quasi
3031 3349 3068 3387 a
3095 3332 3256 3403 longo

597 3426 822 3474 veterno
860 3428 1228 3490 experrectus,
1268 3420 1377 3474 imo
1414 3421 1571 3491 quasi
1610 3421 1683 3475 ab
1721 3421 1844 3491 ipsa
1882 3427 2058 3475 morte
2108 3420 2383 3475 excitatus
2434 3419 2620 3475 cibum
2669 3421 2826 3491 petit,
2875 3437 2988 3491 quo
3038 3430 3257 3493 sumpto

597 3526 820 3563 somnus
857 3509 1140 3564 successit.
1215 3527 1392 3581 neque
1447 3511 1759 3565 ultroneum
1816 3507 2144 3565 beneficium
2201 3509 2407 3564 ventris
2460 3507 2639 3564 defuit
2693 3517 2750 3564 et
2797 3510 2877 3563 ita
2906 3511 3024 3580 jam
3063 3528 3130 3566 ex
3167 3511 3335 3565 iu030

597 3599 784 3654 decem
823 3599 940 3653 dies
977 3615 1191 3669 semper
1225 3597 1560 3669 proficiendo
1597 3599 1868 3670 processit
1904 3607 1968 3654 ut
2017 3599 2214 3653 medici
2267 3615 2487 3669 sperare
2538 3599 2733 3653 melius
2781 3616 2948 3670 quam
2997 3603 3158 3672 pejus
3193 3602 3258 3655 de

598 3705 661 3741 eo
699 3689 960 3759 ceperint.
1035 3705 1143 3742 non
1180 3688 1438 3743 dubitant
1487 3697 1670 3743 tamen
1720 3689 2125 3759 aegritudinem
2156 3689 2273 3759 jam
2329 3688 2385 3740 in
2441 3697 2766 3743 autumnum
2822 3689 3130 3760 ingressam
3167 3691 3257 3745 ali·

599 3784 865 3848 quantum
888 3779 1000 3831 sore
1031 3778 1365 3843 diuturnam,
1405 3796 1504 3833 nec
1523 3779 1723 3833 desunt
1743 3779 1985 3849 quicum
2006 3779 2278 3833 hecticam
2317 3777 2524 3832 febrem
2564 3778 2858 3833 incurrisse
2878 3781 3259 3849 pronuncient,
3469 3746 3470 3805 ¹

600 3868 693 3920 sed
732 3884 766 3920 a
802 3884 915 3938 qua
951 3866 1095 3922 bono
1132 3868 1397 3939 regimine
1434 3875 1491 3924 et
1511 3868 1715 3924 virtute
1754 3868 2000 3939 spiritus,
2040 3867 2135 3938 qui
2174 3868 2229 3921 in
2268 3884 2332 3921 eo
2370 3885 2538 3938 supra
2558 3869 2851 3922 humanam
2892 3870 3259 3926 conditionem

599 3955 709 4011 fuit.
745 3957 1145 4027 vivacissimae,
1184 3959 1257 4011 sit
1294 3957 1625 4012 liberandus.
1702 3976 1802 4013 nos
1841 3958 1935 4030 qui
1974 3959 2022 4012 ei
2064 3957 2410 4023 famulamur,
2442 3958 2603 4027 juxta
2638 3956 2804 4011 animi
2844 3959 3015 4012 nostri
3056 3960 3338 4015 deside-35

601 4047 740 4100 rium
780 4064 903 4101 eum
941 4064 1041 4117 pro
1072 4049 1186 4119 jam
1227 4048 1383 4119 quasi
1422 4048 1680 4102 incolumi
1719 4056 1777 4103 et
1827 4050 1923 4103 diu
1978 4050 2359 4121 supervicturo
2415 4045 2701 4101 habemus.
2773 4058 3117 4119 quapropter
3154 4049 3261 4104 R¹ni

602 4136 908 4191 cardinales
944 4136 1111 4199 Galli,
1151 4137 1247 4207 qui
1285 4137 1391 4191 hac
1426 4136 1576 4191 fama
1612 4140 1872 4193 commoti
1924 4156 2127 4210 magno
2174 4144 2448 4209 apparatu
2491 4135 2793 4190 Massiliam
2831 4154 3007 4207 usque
3044 4140 3262 4211 appulsi

601 4224 838 4291 fuerant,
877 4243 983 4279 non
1005 4227 1235 4281 ulterius
1257 4228 1599 4297 progressuri
1620 4229 1935 4282 creduntur.
2000 4228 2069 4282 de
2090 4245 2406 4283 successore
2434 4235 2637 4296 autem,
2675 4227 2720 4281 si
2742 4227 2991 4297 pontifex
3018 4228 3264 4298 obiisset,

603 4333 773 4386 quum
811 4321 895 4369 tot
932 4332 1039 4369 non
1079 4332 1237 4369 senes
1274 4316 1451 4385 mod0,
1503 4317 1597 4370 sed
1636 4318 1802 4371 etiam
1834 4319 2064 4389 juvenes
2102 4319 2250 4373 hunc
2301 4318 2483 4372 locum
2527 4316 2801 4386 ambeant,
2840 4318 2929 4370 vix
2966 4318 3264 4391 quicquam

605 4405 740 4459 certi
778 4404 1022 4458 iudicare
1058 4404 1184 4475 quis
1220 4403 1437 4459 audeat.
1511 4422 1614 4476 ego
1652 4405 1758 4461 hac
1814 4406 1870 4460 in
1925 4414 2083 4477 parte
2139 4424 2348 4461 memor
2383 4407 2533 4461 illius
2589 4407 2736 4477 quod
2776 4405 3074 4462 Suetonius
3113 4406 3341 4479 dixit,40

603 4493 976 4564 principatum
1013 4493 1131 4549 fato
1168 4493 1305 4561 dari,
1343 4511 1450 4548 non
1488 4512 1663 4565 usque
1699 4513 1921 4567 quaque
1959 4515 2079 4550 sum
2109 4497 2303 4551 anxius
2332 4496 2424 4551 cui
2452 4513 2585 4568 prae
2613 4496 2812 4551 ceteris
2848 4496 3090 4567 palmam
3126 4499 3264 4554 hanc

603 4584 983 4655 praesagiam3
1038 4584 1175 4638 illud
1213 4583 1446 4638 subinde
1482 4583 1664 4639 Deum
1715 4586 1985 4656 optimum
2043 4586 2257 4657 precari
2311 4604 2418 4641 non
2475 4586 2665 4641 desino
2702 4594 2766 4641 ut
2802 4586 2885 4641 vel
2923 4587 3076 4644 hunc
3113 4589 3265 4644 nobis

606 4674 864 4729 restituat
901 4675 986 4729 vel
1023 4692 1149 4729 eum
1198 4674 1464 4729 concedat
1521 4691 1683 4745 quem
1739 4675 2005 4732 ecclesiae
2060 4693 2193 4731 suae
2248 4677 2375 4731 usui
2429 4675 2679 4732 futurum
2734 4678 3037 4748 cognoscit.
3113 4679 3264 4745 Rom,
3461 4728 3462 4735 ,

607 4763 752 4817 Bibe.
806 4764 926 4818 ναι.
965 4764 1098 4819 eod.
1140 4765 1265 4819 vm.
1303 4764 1444 4819 8075
1481 4763 1575 4819 τοι.
1616 4764 1766 4819 7721,
1807 4764 1932 4835 ουρ.
1971 4784 2047 4821 00.

3431 4996 3461 5283 l
