3500 5300
1258 318 1358 398 110.
1394 334 1493 397 352
1532 336 1671 398 153⁷
1708 317 1861 414 April
1901 336 1982 398 19.
2088 337 2099 348 ’
2848 315 2951 401 116

288 548 354 605 61
399 532 863 605 abbracciando
911 549 977 604 et
1007 536 1509 626 favoreggiando
1540 540 1690 605 tutti
1735 538 1783 604 11
1812 540 2083 604 1111618111
2128 536 2235 604 (161
2266 540 2515 604 66111166
2560 537 2625 603 (11
2659 539 2947 620 Christ03
3023 550 3165 600 1537

289 654 354 711 et
398 646 518 712 che
564 646 624 711 le
669 645 926 711 Maesta
972 645 1101 712 Sue
1147 669 1274 712 666
1333 646 1546 711 116666
1604 649 1876 734 rispetto
1935 669 1973 711 a
2031 655 2162 711 star
2219 649 2283 710 in
2344 645 2667 711 discordia
2725 668 2844 713 666
2904 621 3107 710 HApr.
3148 622 3218 671 19

290 756 431 818 suoi
476 755 725 838 parenti
775 763 841 818 et
885 752 1147 832 sudditi,
1193 753 1506 839 spendere
1551 753 1612 819 le
1659 753 1915 832 facolta,
1960 754 2050 838 gli
2097 755 2381 819 esserciti
2430 763 2494 818 et
2539 776 2845 839 esponere
2891 755 2952 819 16

291 862 427 925 vite
471 861 727 946 proprie
772 882 888 946 per
944 862 1437 925 mantenimento
1499 859 1666 925 della
1721 860 2057 945 religione,
2126 869 2190 923 et
2246 862 2315 924 in
2374 863 2521 945 ogni
2589 882 2741 926 cosa
2798 883 2955 926 sono

239 968 540 1031 btrattati
584 969 819 1052 peggio
866 966 987 1031 che
1034 966 1082 1031 il
1137 989 1206 1031 re
1252 965 1318 1031 di
1365 966 1654 1046 Francia,
1698 964 1737 1031 'a
1784 969 2093 1052 petitione
2153 965 2256 1031 del
2316 968 2505 1052 quale
2565 968 2776 1033 subito
2825 966 2956 1032 Sua

293 1072 546 1139 8661116
590 1072 673 1136 116
717 1094 1023 1138 66666886
1084 1072 1210 1138 due
1256 1071 1504 1138 decime
1521 1122 1537 1152 ,
1607 1096 1727 1138 eon
1783 1074 1844 1138 16
1912 1074 2083 1158 quali
2141 1079 2287 1138 8616
2342 1077 2837 1139 somministrato
2897 1075 2957 1139 al

292 1178 508 1245 Turco
568 1188 630 1244 et
687 1178 853 1244 fatto
907 1202 1137 1264 guerra
1194 1203 1232 1245 a
1291 1179 1656 1246 Christiani.
1747 1190 1812 1245 et
1870 1180 1991 1247 che
2050 1180 2156 1245 all’
2214 1184 2593 1267 imperatore
2654 1192 2717 1246 et
2775 1206 2814 1246 a
2872 1183 2959 1246 lui

295 1308 548 1372 sempre
594 1288 650 1351 si
695 1286 765 1351 fa
809 1285 1120 1353 difficolta
1166 1295 1232 1352 et
1277 1285 1598 1366 dilatione,
1645 1296 1711 1353 et
1756 1310 1935 1353 come
1982 1293 2110 1373 puo
2155 1310 2331 1353 esser
2374 1289 2493 1353 che
2525 1286 2657 1353 Sua
2697 1288 2962 1367 8661116,

297 1392 614 1459 toccando
660 1416 781 1458 con
848 1416 1037 1458 mano
1082 1394 1147 1458 la
1205 1393 1400 1458 bonta
1445 1417 1562 1459 sua
1623 1405 1688 1458 et
1744 1394 2058 1480 l'iniquita
2115 1396 2181 1460 di
2241 1397 2387 1482 quel
2446 1396 2636 1475 altro,
2706 1399 2829 1461 stia
2896 1399 2962 1460 in

209 1514 281 1567 10
300 1498 527 1587 questa
572 1500 980 1566 inclinatione
1027 1523 1216 1565 verso
1247 1498 1520 1565 Francia
1566 1510 1630 1565 et
1675 1502 1741 1565 in
1788 1511 2014 1586 questa
2058 1501 2327 1587 tepidita
2363 1525 2552 1567 verso
2596 1503 2751 1583 loro,
2796 1501 2965 1567 della

301 1607 490 1693 quale
534 1604 807 1692 tepidita
849 1606 1128 1694 procede
1171 1608 1235 1672 la
1289 1610 1515 1673 rovina
1573 1606 1640 1672 di
1685 1615 1853 1672 tutto
1912 1608 1959 1672 il
2014 1607 2280 1687 mond0,
2340 1618 2406 1673 et
2463 1591 2583 1673 che
2629 1607 2761 1673 Sua
2805 1607 2966 1673 San-

301 1716 422 1779 1116
466 1736 594 1778 666
651 1712 877 1780 dovria
936 1713 1134 1779 haver
1189 1713 1520 1799 risguardo
1582 1723 1761 1778 tanto
1820 1715 1882 1778 al
1941 1737 2058 1779 suo
2116 1737 2358 1800 8668116
2419 1718 2677 1801 proprio
2737 1724 2801 1779 61
2862 1714 2967 1779 all'

305 1822 713 1886 essaltatione
759 1820 824 1885 di
883 1842 1031 1885 casa
1090 1843 1235 1899 sua,
1295 1818 1414 1886 che
1469 1844 1508 1885 a
1565 1821 1978 1886 similitudine
2032 1820 2141 1886 del
2201 1821 2619 1908 predecessor
2677 1844 2794 1886 suo
2854 1844 2968 1907 per

302 1926 548 1992 ridurre
594 1926 677 1992 ad
731 1926 954 1992 effetto
1000 1927 1045 1990 li
1092 1925 1375 2012 dissegni
1419 1928 1786 2014 particolari
1832 1927 2007 1992 fusse
2053 1930 2316 2011 cagione
2363 1927 2443 1993 de
2489 1929 2553 1993 la
2593 1931 2818 1992 rovina
2864 1927 2966 1992 del

217 2046 287 2100 15
305 2034 558 2099 mondo,
648 2043 714 2098 ct
758 2033 877 2098 che
923 2043 1146 2119 queste
1193 2034 1410 2119 parole
1454 2056 1582 2098 non
1627 2057 1729 2099 me
1775 2057 1855 2098 66
1902 2034 2131 2099 diceva
2178 2057 2371 2099 senza
2417 2056 2637 2113 causa,
2697 2033 2968 2099 essendo

305 2142 470 2206 bene
516 2139 860 2205 informato
903 2139 1069 2205 delle
1115 2139 1431 2225 prattiche
1478 2140 1599 2206 che
1645 2140 1981 2206 andavano
2041 2150 2292 2205 attorno
2312 2191 2328 2220 ‚
2388 2140 2553 2205 delle
2611 2141 2782 2226 quali
2841 2162 2969 2204 666

307 2250 396 2312 1111
440 2247 676 2312 voleva
722 2245 821 2310 dir
866 2246 1026 2311 altro
1073 2270 1188 2333 per
1231 2247 1388 2312 hora
1398 2271 1416 2327 ;
1480 2270 1583 2312 ma
1638 2246 1758 2311 che
1805 2270 1921 2332 per
1978 2248 2041 2312 la
2096 2251 2428 2314 riverenza
2485 2248 2634 2333 qual
2692 2255 2875 2334 porta
2932 2270 2972 2312 a

310 2353 443 2419 Sua
488 2353 755 2431 8661116,
801 2356 888 2418 mi
934 2353 1163 2418 diceva
1221 2355 1308 2419 fin
1366 2356 1504 2438 qui,
1562 2375 1742 2419 come
1803 2376 2037 2419 ancora
2089 2353 2453 2420 haverebbe
2511 2353 2688 2418 detto
2744 2376 2783 2418 a
2840 2352 2973 2417 Sua

310 2460 561 2525 8661116
628 2463 886 2547 propria
932 2469 997 2525 et
1051 2461 1226 2525 forse
1273 2462 1385 2546 piu
1441 2461 1945 2526 efficaccmentc!
1994 2502 2075 2508 —
2126 2461 2394 2526 sarebbe
2439 2462 2634 2546 lungo
2680 2468 2745 2525 et
2789 2462 2973 2546 quasi

218 2580 294 2634 20
311 2567 707 2656 impossibile
754 2566 1061 2654 essplicar
1105 2576 1273 2633 tutto
1317 2568 1531 2654 quello
1577 2566 1708 2632 Sua
1752 2567 2006 2633 Maesta
2064 2570 2149 2633 mi
2209 2567 2381 2632 disse
2438 2569 2503 2632 in
2558 2576 2783 2653 questa
2842 2590 2975 2632 ma-

311 2678 475 2741 teria
491 2700 509 2757 3
569 2683 634 2740 et
692 2684 1105 2761 quantunque
1148 2678 1238 2740 mi
1283 2674 1582 2740 sforzassi
1628 2697 1750 2740 666
1797 2678 1948 2740 vive
2006 2675 2252 2761 ragioni
2309 2675 2467 2740 altre
2525 2675 2696 2740 volte
2756 2678 2975 2740 scritte

311 2781 698 2870 persuadere
757 2804 797 2847 a
856 2781 990 2848 Sua
1046 2783 1302 2847 Maesta
1360 2791 1597 2867 quanto
1657 2804 1767 2846 era
1826 2786 2245 2847 conveniente
2302 2791 2366 2846 et
2419 2782 2799 2869 expediente
2857 2783 2975 2847 che

314 2888 448 2955 Sua
491 2887 905 2955 Beatitudine
950 2911 1240 2953 servasse
1285 2889 1348 2953 la
1394 2888 1734 2953 6661161116
1782 2898 1845 2952 61
1903 2890 2021 2953 6116
2069 2889 2199 2954 8116
2245 2889 2495 2955 8661116
2550 2889 2723 2955 forse
2782 2911 2976 2954 cono-

315 3019 512 3062 sceva
555 3019 737 3062 come
767 2994 1018 3061 medico
1063 3017 1192 3059 666
1222 2997 1672 3082 appassionato
1718 2994 1839 3061 che
1870 2996 1915 3060 il
1962 3018 2028 3060 re
2061 2994 2348 3061 Christ*no
2395 3019 2519 3062 non
2556 3019 2664 3062 era
2694 2996 2976 3060 membro

225 3115 299 3169 25
317 3109 456 3169 6681
503 3102 761 3189 putrido
808 3103 927 3167 che
974 3102 1344 3188 bisognassc
1390 3102 1715 3189 disperare
1763 3101 1828 3166 di
1875 3104 2125 3167 sanarlo
2180 3113 2245 3166 et
2290 3103 2610 3189 separarlo
2668 3102 2979 3167 violente-

318 3220 549 3290 mente,
594 3220 658 3274 et
702 3209 804 3274 ch'
850 3211 913 3274 io
958 3231 1317 3274 conoscevo
1363 3218 1542 3274 tanto
1603 3211 1828 3274 timore
1889 3210 1955 3274 di
2003 3209 2133 3273 Dio
2193 3211 2260 3273 in
2306 3210 2544 3275 Nostro
2591 3208 2857 3295 Signore
2915 3219 2980 3274 et

318 3327 496 3382 tanta
541 3339 692 3384 cura
738 3314 884 3381 dell'
930 3316 1131 3382 honor
1174 3339 1290 3381 suo
1337 3315 1456 3382 che
1500 3338 1617 3402 per
1659 3316 1706 3380 il
1751 3338 1992 3401 sangue
2037 3338 2154 3380 suo
2200 3339 2324 3381 non
2373 3339 2480 3382 era
2523 3338 2642 3402 per
2685 3316 2785 3382 far
2828 3339 2981 3382 cosa

319 3426 551 3490 alcuna
595 3424 869 3509 indegna
913 3422 1063 3488 d’un
1108 3424 1423 3510 pontefice
1477 3434 1542 3488 et
1588 3422 1754 3489 ch’io
1811 3423 2091 3488 credevo
2151 3424 2269 3488 6116
2318 3424 2448 3489 Sua
2494 3424 2746 3489 Maesta
2806 3424 2979 3488 fosse

321 3529 664 3597 informata
709 3531 827 3596 che
873 3529 1128 3616 quando
1174 3553 1214 3594 a
1258 3529 1389 3594 Sua
1433 3529 1682 3595 8661116
1727 3529 1904 3594 fusse
1952 3532 2233 3617 piaciuto
2281 3531 2592 3617 dissipare
2622 3530 2771 3615 quel
2815 3552 2981 3616 poco

230 3649 305 3703 30
323 3660 519 3704 succo
564 3638 684 3703 che
730 3640 788 3702 ci
838 3644 871 3701 6
931 3636 1034 3702 (161
1080 3638 1449 3723 pontificato
1508 3645 1574 3702 et
1631 3636 1926 3701 diventar
1992 3637 2261 3722 partiale
2330 3646 2395 3702 et
2462 3636 2792 3702 attendere
2859 3636 2982 3701 alle

322 3747 601 3830 signorie
660 3767 775 3831 per
818 3744 862 3808 ss
924 3766 1163 3830 8668116
1222 3765 1358 3823 8116,
1415 3767 1540 3807 666
1599 3744 1686 3829 811
1757 3743 2024 3809 sarebbe
2069 3752 2362 3809 mancato
2431 3745 2765 3809 occasione
2835 3742 2982 3808 dall'

324 3855 704 3938 imperatore
750 3854 1038 3938 propriO,
1099 3860 1164 3915 et
1217 3850 1336 3914 che
1383 3849 1514 3915 Sua
1557 3851 1815 3915 Maesta
1860 3849 2112 3916 doveva
2158 3849 2356 3915 haver
2415 3850 2657 3945 haynto
2715 3849 2982 3935 qualche

323 3959 493 4024 falsa
539 3968 606 4023 et
649 3960 903 4023 sinistra
963 3958 1440 4037 informatione,
1498 3957 1622 4022 alla
1667 3958 1853 4042 quale
1899 3956 2031 4022 Sua
2075 3957 2329 4022 Maesta
2376 3979 2501 4021 non
2546 3955 2758 4022 dovea
2801 3956 2987 4023 facil-

325 4075 537 4130 mente
584 4063 871 4130 credere:
933 4063 1314 4129 nondimeno
1361 4086 1477 4149 per
1528 4074 1754 4150 questo
1802 4071 1880 4128 66
1926 4087 2040 4150 per
2084 4065 2246 4130 altro
2286 4065 2481 4129 molto
2527 4063 2692 4130 ch’io
2740 4067 2986 4150 sapessi

235 4172 493 4252 35dire,
552 4171 683 4237 Sua
729 4172 981 4237 Maesta
1039 4174 1091 4235 si
1154 4193 1363 4236 mosse
1409 4170 1493 4236 da
1550 4181 1779 4255 questa
1838 4173 2285 4258 impressione,
2353 4174 2494 4235 anzi
2562 4172 2624 4237 al
2687 4172 2810 4236 fine
2881 4170 2985 4235 (161

327 4281 800 4366 ragionamente
847 4281 933 4341 mi
994 4277 1167 4343 disse
1223 4277 1342 4341 che
1401 4299 1528 4341 non
1590 4277 1853 4363 parlava
1905 4280 1971 4341 in
2032 4300 2201 4343 vano
2260 4287 2327 4342 et
2386 4278 2505 4343 che
2566 4300 2807 4364 sapeva
2864 4277 2986 4342 ben

329 4389 433 4452 cio
506 4386 626 4449 che
697 4384 927 4450 diceva
980 4388 1151 4449 circa
1207 4393 1431 4470 queste
1488 4383 1777 4469 pratiche
1832 4406 1951 4470 per
2016 4384 2063 4448 il
2121 4407 2360 4469 sangue
2416 4382 2482 4448 di
2530 4383 2662 4450 Sua
2720 4382 2989 4462 8661116,

329 4492 503 4579 quali
552 4491 904 4556 sarebbono
951 4494 1215 4575 6681666
1263 4490 1432 4555 (16116
1476 4493 1703 4555 rovina
1748 4488 1815 4554 di
1862 4490 2295 4557 Christianita.

511 4599 889 4682 Monsignor
931 4600 1059 4662 mio
1106 4596 1686 4676 honorandissimo,
1746 4619 2023 4663 conosco
2069 4608 2308 4683 quanto
2353 4620 2509 4662 sono
2567 4596 2988 4683 dispiacevoli

242 4717 314 4770 40
335 4717 396 4771 et
444 4706 796 4793 pericolosc
830 4714 1052 4790 queste
1081 4708 1343 4769 materie
1390 4703 1473 4769 da
1502 4706 1816 4787 scrivere3
1863 4704 2245 4770 nondimeno
2284 4711 2321 4769 6
2350 4707 2710 4770 6666886116
2740 4725 2991 4792 sempre
