3500 5300
328 1520 497 1587 242.
606 1519 973 1602 Vorschlc‘iye
1017 1521 1127 1583 der
1159 1520 1570 1585 kaiserlichen
1600 1520 2198 1605 Bevollmc‘ichtiyten
2243 1520 2586 1587 Granvella
2635 1521 2776 1585 und
2811 1523 3002 1586 (s'ovos
3059 1526 3199 1576 1536

228 1665 235 1672 ·
324 1650 413 1692 zu
484 1628 994 1710 Abunderunyen
1070 1629 1175 1692 des
1250 1627 1581 1708 Entwurfs
1657 1629 1769 1692 der
1841 1628 2476 1710 Einberufunysbulle
2551 1628 2657 1693 des
2740 1627 3000 1694 Concils.
3062 1597 3197 1663 ‘¹²⁰⁷’

326 1736 425 1820 [c.
477 1737 639 1798 1536
686 1734 878 1814 April
924 1734 1102 1800 Rom.
1108 1735 1152 1819 ]

476 1881 598 1930 Ans
632 1876 788 1942 Bono,
826 1879 976 1932 Bibl.
1024 1879 1144 1930 Vat.
1182 1878 1312 1950 Cogi.
1356 1878 1482 1932 Vat.
1521 1880 1663 1932 3918
1699 1879 1794 1932 fol.
1833 1877 1984 1932 39⁸¹>
2028 1878 2498 1948 Oriyinalscheda.

233 2019 269 2068 ἴ)
514 2001 666 2067 Visa
696 2002 747 2089 ¹)
795 2004 1035 2066 minuta
1083 2026 1271 2089 super
1318 2004 1661 2068 indictione
1718 2002 1966 2067 concilii
2024 2005 2308 2068 confecta
2357 2026 2471 2089 per
2517 2003 2666 2067 Β11108
2713 2002 3001 2066 dominos

327 2109 686 2195 deputatos,
734 2111 837 2195 qui
888 2112 1132 2173 tametsi
1183 2112 1247 2173 in
1295 2110 1413 2174 hoc
1458 2120 1672 2175 sancto
1722 2112 1970 2195 negotio
2019 2133 2195 2174 suam
2230 2132 2484 2197 operam
2517 2109 3001 2196 prudentissime

328 2216 754 2302 impenderint
800 2224 862 2279 et
910 2240 1022 2280 suo
1072 2216 1279 2281 officio
1327 2219 1714 2302 pientissime
1763 2220 1887 2282 sint
1932 2217 2152 2294 functi,
2199 2216 2499 2281 videntur
2545 2226 2777 2297 tamen,
2826 2214 3001 2279 salvo

326 2325 706 2387 accuratiori
767 2315 1014 2387 illorum
1078 2324 1354 2408 judicio,
1426 2324 1505 2387 de
1566 2322 1884 2388 nonnullis
1957 2322 2251 2387 monendi
2312 2346 2478 2409 quae
2538 2323 2620 2388 ad
2681 2322 2998 2387 meliorem

328 2428 688 2515 hujusmodi
738 2430 1093 2496 indictionis
1140 2431 1549 2495 directionem
1599 2432 1806 2495 facere
1854 2440 2204 2495 censentur.
2510 2502 2522 2513 .

244 2555 308 2604 lo
510 2539 621 2622 [1]
667 2538 741 2601 In
790 2539 1010 2624 primis
1055 2539 1224 2624 quod
1261 2538 1457 2602 verba
1502 2561 1652 2603 mox
1700 2541 1766 2601 in
1815 2540 2132 2624 prooemio
2163 2538 2335 2624 apud
2384 2537 2506 2601 tale
2554 2540 2803 2624 signum
2855 2520 2988 2640 ssss

329 2643 683 2709 sublineata
760 2648 1170 2727 omittantur,
1240 2670 1365 2710 non
1430 2645 1597 2733 quod
1668 2669 1707 2709 a
1768 2646 2032 2710 veritate
2097 2644 2423 2727 aberrent,
2493 2645 2603 2710 sed
2675 2669 2750 2709 ne
2823 2654 2994 2712 vide-

327 2760 519 2816 antur
552 2751 901 2817 Lutherani
949 2764 1013 2818 et
1059 2752 1325 2817 aliarum
1375 2764 1686 2817 sectarum
1736 2756 2139 2817 innovatores
2185 2777 2224 2818 a
2269 2755 2474 2839 primo
2522 2755 2733 2818 statim
2782 2753 2996 2820 limine

328 2860 537 2922 notari
565 2862 635 2943 2).
1055 2925 1064 2933 ,

508 2966 648 3052 [2]
695 2966 1003 3031 Censetur
1048 2990 1300 3054 quoque
1350 2969 1708 3049 convenire,
1757 2970 1885 3030 imo
1935 2969 2354 3031 necessarium
2403 2990 2558 3050 esse,
2608 2977 2675 3032 ut
2720 2969 2800 3033 de
2846 2972 2994 3039 assi-

243 3090 308 3140 15
330 3075 457 3139 dua
501 3073 828 3157 diligentia
874 3084 935 3137 et
981 3073 1438 3157 sollicitatione,
1487 3097 1677 3161 quam
1726 3074 2038 3138 Caesarea
2088 3073 2392 3160 Majestas
2440 3073 2763 3161 hucusque
2809 3097 2999 3161 super

330 3181 618 3268 predicta
687 3182 1028 3246 indictione
1090 3181 1339 3245 concilii
1408 3183 1659 3245 nomine
1728 3183 2008 3245 omnium
2081 3189 2360 3244 statuum
2430 3182 2675 3267 imperii
2745 3192 2997 3247 strenue

329 3289 494 3369 fecit,
542 3287 802 3353 honesta
834 3288 1049 3375 aliqua
1081 3288 1191 3353 fiat
1236 3290 1508 3371 mentio;
1556 3287 1792 3374 alioqui
1840 3290 2049 3353 minus
2095 3288 2391 3374 ponderis
2421 3297 2484 3352 et
2514 3290 2997 3354 existimationis

330 3394 590 3461 habebit
634 3397 771 3483 ipsa
817 3396 1077 3460 indictio
1125 3395 1296 3482 apud
1338 3396 1713 3478 Germanos,
1761 3404 1824 3459 et
1869 3418 1995 3459 non
2029 3394 2297 3460 deerunt
2326 3397 2432 3481 qui
2482 3395 2734 3459 inurent
2780 3404 2993 3461 notam

330 3504 494 3569 Suae
542 3502 881 3589 Majestati,
928 3505 1105 3589 quasi
1155 3526 1280 3566 non
1329 3504 1709 3589 praestiterit
1757 3502 2035 3567 osticium
2069 3502 2239 3589 quod
2287 3503 2350 3566 in
2399 3524 2464 3566 se
2497 3524 2576 3566 ex
2626 3504 2995 3569 necessitate

220 3626 311 3675 ‘20
328 3618 651 3697 receperat
707 3619 787 3692 et,
834 3620 905 3674 ut
949 3610 1265 3674 deteriora
1324 3622 1847 3695 precaverentur‚
1910 3610 2094 3674 dictis
2140 3608 2407 3673 statibus
2453 3611 2842 3696 promiserat.
2935 3620 2996 3674 et

331 3740 408 3783 ne
452 3725 711 3804 putetur
757 3715 875 3781 hoc
922 3717 1055 3780 fieri
1103 3740 1246 3781 cum
1296 3716 1550 3804 aliquali
1598 3717 2013 3781 diminutione
2061 3717 2454 3780 auctoritatis
2486 3716 2675 3781 Sanmi
2733 3716 2994 3782 Domini

332 3825 541 3890 Nostri
612 3833 673 3890 et
738 3826 1121 3889 sacrosancti
1193 3824 1437 3909 collegii
1511 3834 1572 3889 et
1639 3823 1888 3889 illorum
1959 3825 2040 3888 ad
2111 3829 2272 3888 hanc
2331 3846 2462 3888 rem
2523 3826 2992 3909 propensissimi

329 3934 556 4015 animi,
618 3931 869 3997 videtur
916 3932 1085 4019 quod
1149 3934 1210 3996 in
1272 3932 1433 3996 hanc
1499 3934 1872 3996 sententiam
1945 3941 2199 4018 possent
2257 3930 2615 4016 hujusmodi
2679 3932 2990 4018 quaedam

330 4040 525 4105 verba
588 4039 736 4104 addi
786 4040 979 4125 juxta
1025 4041 1391 4104 asteriscum
1466 4042 1561 4121 ξᾷ,
1620 4039 1944 4104 videlicet:
2008 4040 2146 4125 ‚qui
2207 4050 2334 4101 tam
2396 4061 2508 4102 suo
2568 4061 2758 4124 quam
2808 4040 2997 4103 Sex-¹¹¹⁵

244 4160 309 4211 25
332 4147 757 4212 Romanorum
817 4148 982 4232 regis
1041 4170 1115 4211 ac
1176 4150 1454 4212 omnium
1519 4148 1810 4212 ordinum
1873 4147 2032 4211 sacri
2095 4146 2363 4210 Romani
2432 4146 2677 4232 imperii
2739 4148 2992 4211 nomine

330 4254 634 4320 hactenus
679 4261 742 4318 et
785 4276 956 4318 nunc
1002 4276 1211 4318 coram
1258 4254 1507 4319 assidue
1556 4257 1791 4319 instetit
1821 4258 1874 4339 ¹¹)
1936 4264 1996 4317 et
2053 4252 2215 4317 hanc
2272 4252 2677 4317 indictionem
2728 4252 2837 4317 diu
2885 4254 2990 4317 de·

468 4492 515 4535 a)
546 4489 623 4526 Sic.

474 4596 514 4651 ¹3
554 4595 671 4649 Mic
708 4595 895 4648 diesen
948 4594 1301 4663 Vorschlciyeu
1342 4596 1447 4663 τρὶ.
1488 4594 1576 4646 (lie
1614 4612 1718 4647 von
1756 4595 2024 4665 Raynald
2069 4599 2205 4647 1536
2241 4596 2279 4661 ‚Q
2317 4598 2385 4645 35
2434 4610 2537 4645 aus
2575 4592 2692 4644 dem
2735 4592 2993 4659 Oriyinal

330 4686 671 4754 mitgetheilte
712 4685 1204 4754 Bemaesunysbulle;
1240 4702 1280 4738 s.
1320 4685 1465 4736 auch
1502 4685 1637 4737 oben
1675 4686 1728 4737 S.
1776 4686 1907 4750 74ff.
1947 4684 2340 4752 (Einleituny).

247 4777 311 4827 30
472 4774 513 4843 ²³)
564 4774 697 4828 Was
727 4776 964 4844 qemeint
1000 4775 1088 4837 ist,
1128 4770 1250 4841 lustr
1287 4774 1401 4827 sich
1438 4774 1589 4826 nicht
1625 4775 1857 4837 ersehen,
1899 4774 1971 4825 da
2013 4773 2102 4826 die
2138 4774 2366 4826 Mimaete
2403 4772 2552 4837 fehlt.
