3500 5300
549 299 658 360 844
1367 300 1465 354 No,
1510 300 1817 354 132—133:
1857 297 1994 352 1535
2031 296 2183 367 April
2218 296 2394 351 3.-7.

356 502 495 555 1535
549 498 915 584 pontificem
960 495 1211 582 agendo
1256 498 1491 580 gratias
1539 495 1619 559 de
1667 495 1941 560 concilio
1987 495 2317 579 proposito
2365 501 2428 556 et
2474 489 2794 556 laudando
2834 491 3026 555 talem
3058 489 3224 556 deli-

320 576 457 645 AP'·
495 577 941 669 3berationem
989 611 1054 667 et
1098 601 1409 666 hortando
1456 609 1527 663 ut
1572 624 1639 665 re
1672 604 1814 686 ipsa
1845 601 2017 665 illam
2050 608 2416 685 exequatur,
2462 597 2758 663 addendo
2797 596 2970 682 quod
3001 600 3222 662 statim

547 718 815 797 accepto
862 730 1169 795 responso
1228 730 1266 772 a
1312 706 1589 772 Cesarea
1634 708 1979 792 Majestate
2025 705 2269 772 Vestra
2316 706 2625 791 Majestas
2694 704 2986 769 consulet
3044 702 3220 788 qnod

551 816 819 882 debeam
866 819 957 880 ire
1004 837 1118 900 per
1163 813 1592 879 Germaniam.

730 920 930 987 Aliud
976 943 1131 986 vero
1177 921 1333 986 tale:
1390 930 1463 985 ut
1507 919 1820 1006 Majestas
1868 918 2113 987 Vestra
2164 922 2439 999 interea,
2486 918 2638 983 dum
2683 921 2807 983 ista
2853 918 3220 983 scribuntur
3275 927 3310 980 5

549 1029 634 1094 ad
678 1052 912 1116 papam
954 1037 1019 1092 et
1059 1025 1377 1105 Cesarem,
1425 1027 1782 1112 provideat,
1827 1036 2134 1111 quantum
2164 1029 2228 1090 in
2262 1049 2340 1091 ea
2384 1029 2520 1105 erit,
2551 1049 2631 1090 ne
2663 1049 2778 1111 per
2806 1023 3218 1089 Germaniam

554 1134 797 1221 aliquid
852 1137 1006 1198 moti
1054 1133 1219 1198 forte
1279 1142 1652 1219 sequeretur
1696 1143 1961 1219 propter
2002 1133 2168 1198 hanc
2214 1156 2480 1219 parvam
2528 1132 2894 1198 dilationem
2941 1132 3220 1208 concilii,

548 1241 618 1308 id
650 1251 748 1308 est
792 1239 1129 1306 scribendo
1169 1239 1252 1305 ad
1283 1240 1525 1325 aliquot
1558 1263 1638 1304 ex
1684 1240 2088 1305 ellectoribus
2128 1250 2194 1304 et
2223 1239 2616 1325 principibus
2647 1237 2820 1324 quod
2852 1260 3005 1303 vere
3037 1237 3219 1303 habi-

552 1352 676 1413 turi
724 1356 873 1413 sunt
931 1347 1273 1412 concilium
1342 1355 1407 1412 et
1460 1346 1633 1433 quod
1692 1345 1774 1411 ad
1833 1368 2073 1432 paucos
2133 1345 2272 1411 dies
2329 1345 2660 1411 habebunt
2716 1344 2887 1431 apud
2947 1367 3018 1410 se
3079 1367 3218 1411 ora-

553 1464 754 1520 torem
799 1477 1007 1541 papae
1054 1475 1199 1519 cum
1245 1453 1355 1518 tali
1402 1456 1686 1518 materia.
3243 1459 3314 1513 lo

323 1585 461 1653 Apr.
500 1588 537 1637 3
732 1577 1165 1646 Vindobonae
1218 1585 1406 1645 1535.
1482 1580 1616 1662 regi
1663 1577 1883 1642 datum
1934 1589 1970 1645 3
2019 1577 2255 1663 aprilis,

324 1926 462 1995 Apr.
502 1927 537 1979 7
556 1917 714 1986 133.
822 1916 1118 2000 Veryerio
1163 1936 1254 1980 an
1299 1916 1623 1981 Ricalcati
1639 1938 1660 1979 .·
1723 1916 1877 1980 iiber
1936 1916 2059 1980 den
2103 1914 2317 1982 Stand
2371 1916 2486 1980 der
2541 1913 3010 1998 Concilsfraye;
3067 1916 3223 1980 110110

560 2023 1031 2107 Genuqthuuny
1077 2023 1185 2087 des
1229 2022 1502 2104 Koniys,
1550 2022 1659 2087 des
1707 2021 2079 2101 Cardinak,
2127 2024 2236 2086 des
2275 2022 2596 2103 yeheimen
2641 2022 2883 2088 Rathes
2927 2023 3070 2087 und
3115 2023 3226 2087 des

553 2150 804 2212 yanzen
849 2129 1054 2212 Hofes
1120 2129 1278 2194 iiber
1345 2128 1450 2194 die
1511 2129 1778 2194 Absicht
1845 2129 1954 2194 des
1997 2128 2269 2210 Papstes
2339 2129 2460 2193 das
2510 2127 2728 2195 Concil
2798 2128 3102 2195 ernstliclt
3148 2130 3226 2193 in

556 2236 836 2319 Anqriff
867 2256 951 2302 zu
992 2236 1276 2301 nehmen.
1368 2236 1817 2302 Anwesenheit
1842 2256 1981 2318 9οη.
2011 2234 2294 2301 Ὲᾱνείθη
2321 2236 2462 2300 und
2500 2235 2869 2301 Gesandten
2897 2256 3008 2300 am
3031 2235 3222 2317 Hofe.
3252 2241 3316 2295 15

558 2342 939 2426 Anbrinyen
985 2344 1091 2408 des
1122 2344 1414 2409 Nuntius
1443 2364 1534 2408 an
1565 2343 1687 2408 den
1717 2342 2138 2425 Landqrafen
2166 2342 2438 2423 Philipp
2481 2363 2604 2407 von
2633 2342 2898 2420 Hessen,
2947 2342 3060 2406 der
3087 2341 3224 2407 sich

558 2450 651 2514 im
694 2449 960 2532 iibriyen
1025 2449 1172 2515 sehr
1224 2449 1566 2516 ketzerisch
1632 2450 1947 2529 benimmt,
2018 2450 2122 2515 die
2183 2449 2502 2531 Werbuny
2561 2449 2669 2514 des
2728 2449 3026 2531 Veryerio
3071 2449 3226 2513 aber

559 2556 710 2639 auf-3
741 2556 900 2621 besto
931 2557 1414 2638 aufyemommen
1445 2556 1592 2635 hat;
1636 2579 1704 2621 er
1731 2556 1871 2621 halt
1901 2557 2086 2622 indes
2116 2556 2223 2621 ein
2260 2554 2481 2622 Concil
2506 2577 2638 2620 nur
2678 2556 2752 2620 in
2780 2553 3230 2620 Deutschland

557 2664 671 2746 fiir
712 2662 996 2747 mo'ylich.
1088 2664 1541 2747 Besprechuny
1583 2665 1701 2728 mit
1746 2664 1999 2747 Herzog]
2043 2663 2362 2730 Heinrich
2406 2684 2524 2728 von
2557 2664 3063 2746 BraunscIa-weiq,
3113 2663 3228 2728 der

562 2769 787 2836 Trient
832 2769 933 2835 als
977 2769 1285 2836 Mal-stati
1329 2770 1662 2851 empfiehlt.
1752 2771 2014 2857 [1535]
2059 2771 2262 2852 April
2304 2774 2345 2834 7
2388 2771 2436 2857 [
2452 2769 2704 2855 WienJ.
3243 2775 3316 2827 20

700 2930 825 2985 Aac
874 2929 1126 2999 Venediy,
1165 2929 1313 2985 Ribz.
1351 2930 1532 2985 Marc.
1572 2929 1686 2987 ital.
1725 2930 1794 2986 cl.
1832 2930 1885 2985 V
1924 2930 2042 2986 cod.
2081 2930 2149 2985 64
2189 2930 2280 2985 fol.
2320 2928 2611 2985 282-301:
2649 2930 2853 2998 dyenh.
2894 2929 3055 2986 Cone.

370 3082 515 3139 Mrz.
737 3073 833 3136 Le
880 3072 1099 3138 ultime
1145 3076 1271 3139 mie
1318 3073 1547 3138 furono
1594 3072 1675 3138 de
1721 3073 1790 3137 di
1838 3082 1922 3140 23
1973 3083 2037 3138 et
2082 3082 2168 3140 24
2215 3072 2320 3137 del
2365 3082 2625 3159 passato
2674 3081 2739 3137 et·
2783 3081 3225 3137 contenevano

340 3161 432 3213 23.
468 3159 544 3212 24
562 3181 911 3245 solamente
956 3181 1017 3244 la
1063 3183 1329 3245 materia
1376 3180 1800 3265 d'Ungheria,
1846 3180 2079 3267 perche
2125 3180 2190 3244 di
2237 3180 2449 3265 quella
2507 3179 2613 3245 del
2659 3181 2932 3245 concilio
2979 3181 3041 3244 io
3097 3201 3222 3241 non

561 3286 814 3351 haveva
858 3285 941 3349 fin
988 3286 1207 3352 alhora
1251 3295 1477 3373 potuta
1521 3288 1758 3353 havere
1802 3288 2149 3353 resolution
2196 3311 2234 3352 a
2266 3289 2392 3351 mio
2425 3286 2633 3352 modo,
2697 3309 2801 3352 ma
2830 3309 2911 3351 ne
2943 3288 3223 3351 scrivere

562 3391 720 3457 hora
765 3391 884 3457 che
930 3394 993 3455 io
1037 3391 1166 3458 l'ho
1211 3393 1467 3459 havuta.
1562 3394 1693 3459 Sua
1735 3394 1990 3458 Maesta
2034 3393 2223 3458 lauda
2266 3393 2722 3479 grandemente
2769 3394 2832 3459 la
2889 3402 3071 3458 santa
3130 3395 3318 3455 in-25

562 3501 847 3563 tentione
893 3499 958 3562 di
991 3500 1229 3564 Nostro
1266 3500 1533 3585 Signore
1565 3524 1602 3565 a
1634 3502 1875 3565 volerci
1923 3499 2038 3564 dar
2083 3523 2168 3564 un
2213 3501 2506 3584 generale
2554 3501 2827 3565 concilio
2888 3509 2955 3565 et
3014 3520 3224 3586 perse-

567 3628 721 3670 vera
766 3628 805 3669 a
849 3604 985 3670 dire
1031 3605 1149 3670 che
1195 3615 1420 3691 questo
1468 3608 1605 3671 solo
1651 3609 1747 3671 sia
1794 3609 1838 3671 il
1885 3605 2076 3671 modo
2124 3609 2224 3671 col
2272 3607 2457 3692 quale
2504 3610 2559 3671 si
2605 3629 2798 3692 possa
2844 3615 3119 3672 restorat-
3161 3606 3222 3668 la

566 3710 712 3777 fede
759 3711 826 3776 di
873 3708 1128 3776 Christo
1176 3721 1243 3777 et
1287 3713 1549 3778 obvia-re
1595 3737 1633 3778 a
1677 3715 1855 3777 molti
1905 3714 2072 3791 mali,
2119 3713 2237 3777 che
2286 3735 2476 3778 erano
2535 3736 2650 3799 per
2709 3736 2935 3779 nascer
2994 3722 3221 3798 presto.

567 3827 631 3884 et
675 3821 742 3883 in
787 3841 1032 3883 somma
1076 3841 1274 3905 prega
1320 3819 1452 3885 Sua
1497 3819 1747 3884 Santita
1792 3819 1912 3884 che
1966 3842 2267 3904 remanga
2312 3828 2643 3885 constante
2702 3822 2769 3884 in
2826 3828 3053 3904 questo
3109 3840 3223 3881 suo

564 3933 749 3990 santo
806 3929 1166 4012 propositO,
1225 3926 1343 3992 che
1404 3928 1466 3991 la
1522 3926 1776 3991 Maesta
1846 3926 1977 3991 Sua
2036 3935 2350 4012 promette
2406 3926 2470 3991 di
2532 3927 2801 3992 aiutarlo
2859 3948 2981 3990 con
3051 3925 3220 3989 molti
3243 3930 3323 3983 30

565 4029 756 4109 modi,
802 4032 1046 4096 intanto
1092 4033 1210 4123 che
1259 4037 1313 4098 si
1359 4055 1551 4120 possa
1598 4032 1835 4098 havere
1884 4035 2060 4097 imit-a
2104 4041 2202 4098 tra
2233 4032 2581 4099 Christiani
2628 4040 2694 4098 et
2737 4032 2857 4097 0110
2901 4032 3036 4097 Sua
3063 4031 3223 4097 Bea-

564 4135 838 4203 titudine
885 4161 1077 4224 possa
1136 4162 1258 4204 con
1315 4139 1597 4225 singular
1652 4143 1880 4205 merito
1940 4162 2245 4226 appresso
2303 4139 2435 4204 Dio
2497 4150 2562 4204 et
2620 4143 3051 4225 quietamente
3115 4160 3224 4222 go-

565 4242 737 4309 dersi
784 4245 830 4308 il
875 4246 1259 4332 pontificat0‚
1304 4246 1544 4311 havuto
1592 4256 1960 4312 veramente
2009 4270 2122 4333 per
2167 4247 2451 4312 infusion
2496 4233 2600 4312 del
2646 4249 2870 4333 spirito
2916 4255 3118 4311 santo,

741 4349 801 4415 11
834 4351 962 4415 R¹¹¹⁰
995 4352 1275 4417 cardinal
1323 4352 1389 4417 di
1420 4352 1661 4417 Trento
1706 4377 1807 4418 me
1841 4378 1920 4419 110
1953 4354 2034 4419 ha
2065 4356 2172 4440 poi
2220 4354 2398 4419 detto
2436 4354 2801 4419 altrcttanto
2833 4353 3225 4419 ferventissi-

564 4468 879 4522 mamente
928 4468 994 4523 et
1039 4457 1343 4524 dimostra
1389 4482 1515 4525 una
1556 4482 1711 4544 gran
1759 4461 2153 4525 consolation
2199 4460 2474 4525 d'animo
2528 4485 2566 4525 a
2595 4463 2830 4525 sentire
2877 4461 2962 4526 da
2992 4459 3321 4524 dovem35

567 4587 888 4651 proponer
932 4574 1157 4651 questa
1186 4565 1529 4631 benedetta
1572 4569 1852 4646 materia,
1900 4577 1965 4631 et
2009 4567 2152 4631 dice
2200 4566 2316 4631 che
2365 4591 2403 4632 a
2433 4577 2657 4653 questo
2689 4566 2880 4632 modo
2916 4567 3042 4653 egli
3071 4587 3222 4653 pure

570 4675 782 4760 petria
821 4695 1196 4759 perseverat
1241 4676 1341 4738 nei
1388 4674 1623 4759 servigi
1655 4671 1757 4737 del
1792 4672 1979 4739 Ser'¹³⁰
2011 4697 2098 4738 re.
2142 4674 2228 4759 gli
2262 4675 2403 4739 altri
2436 4673 2559 4738 due
2591 4674 2951 4760 consiglieri
2981 4673 3225 4752 secreti,
