3500 5300
420 561 562 614 1535

340 631 485 700 Any.
521 634 598 686 24

615 359 722 421 494
1538 365 1639 421 No.
1679 368 1809 422 196:
1847 366 1988 422 1535
2023 364 2239 434 August
2271 367 2359 423 24.

617 564 972 625 reverentia
1017 562 1403 646 intellegerit
1447 585 1524 628 ac
1569 562 1724 626 Ille*
1766 561 2139 626 Dominatio
2186 561 2350 641 Sua,
2405 585 2600 649 super
2657 562 2781 628 hoc
2842 562 3059 628 habita
3120 563 3284 628 deli-

616 667 959 746 beratione,
1003 667 1180 733 dicto
1225 667 1482 732 domino
1528 672 1762 734 oratori
1809 668 2091 754 ejusdem
2140 668 2306 734 Suae
2349 668 2824 734 Dominationis
2880 679 3161 735 mentem
3218 679 3285 735 et-

616 796 988 860 responsum
1033 776 1572 840 manifestaverit:

793 880 1040 967 Nempe
1098 882 1270 968 quod
1335 881 1709 947 Dominatio
1764 881 1895 947 Sua
1952 881 2107 947 Ille·
2163 885 2438 969 primum
2503 883 2877 948 Pontificiae
2939 882 3283 948 Sanctitati

615 997 877 1074 propter
922 990 1056 1074 ejus
1103 997 1433 1074 paternam
1480 998 1544 1054 et
1589 989 1967 1054 clementem
2012 990 2458 1055 salutationem
2516 998 2581 1055 et
2624 992 2937 1055 sinceram
2990 990 3287 1055 affectio-
3337 999 3375 1053 5

615 1117 760 1158 nem
806 1097 1095 1179 ingentes
1119 1089 1208 1160 'et
1264 1096 1647 1161 immortales
1706 1105 1856 1181 agat
1912 1099 2148 1180 gratias
2203 1119 2398 1182 seque
2457 1099 2744 1162 vicissim
2804 1096 3010 1162 eidem
3056 1097 3289 1162 Poma·-

616 1201 794 1266 ficiae
841 1201 1233 1267 Beatitudini
1295 1225 1484 1288 quam
1543 1204 1894 1268 humillime
1937 1202 2442 1282 recommendet3
2501 1212 2783 1268 ceterum
2828 1213 3062 1284 autem,
3108 1204 3289 1290 quod

614 1306 695 1372 ad
741 1311 1135 1393 potissimam
1180 1312 1272 1375 rei
1319 1332 1574 1375 causam
1620 1313 1881 1390 attinet,
1926 1309 2324 1375 Pontificiam
2370 1310 2618 1375 scilicet
2667 1310 3087 1376 Sanctitatem
3147 1321 3289 1376 tota

613 1424 822 1478 mente
890 1415 972 1480 ad
1040 1416 1106 1481 id
1175 1425 1248 1482 ut
1299 1418 1655 1482 universale
1709 1418 2046 1482 concilium
2114 1417 2471 1482 celebretur
2522 1416 2851 1482 intendere
2920 1420 3289 1482 civitatem-

615 1545 737 1606 que
781 1521 1114 1587 Mantuam
1159 1533 1482 1609 tamquam
1529 1524 1679 1588 huic
1723 1526 1817 1588 rei
1860 1525 2073 1588 locum
2118 1523 2289 1589 haud
2334 1524 2805 1589 incommodum
2849 1524 2990 1588 fore
3034 1524 3290 1610 judica-
3308 1535 3381 1587 10

613 1630 782 1692 verit
808 1632 888 1708 ¹⁸),
955 1652 1203 1695 annexa
1263 1634 1572 1716 petitione
1637 1639 1708 1695 ut
1766 1630 1923 1694 Illm
1979 1629 2351 1695 Dominatio
2406 1629 2536 1695 Sua
2593 1630 2761 1695 hunc
2827 1632 3042 1696 locum
3111 1635 3290 1718 pari-

614 1734 902 1800 formiter
979 1736 1103 1800 sibi
1194 1738 1443 1823 placere
1524 1747 1590 1802 et
1667 1737 2129 1823 acceptabilem
2210 1760 2353 1802 esse
2434 1739 2631 1802 velit:
2718 1737 2891 1823 quod
2985 1737 3291 1824 profecto

613 1839 984 1908 Sanctitatis
1031 1844 1443 1929 Apostolicae
1505 1853 1634 1908 tam
1694 1844 2107 1909 christianum
2166 1846 2555 1930 smnmisque
2613 1843 2907 1911 laudibus
2968 1845 3292 1910 extollen-

612 1947 797 2028 dum,
843 1973 1035 2035 quam
1080 1954 1195 2015 toti
1244 1951 1631 2036 reipublicae
1678 1950 2085 2030 christianae,
2131 1953 2505 2037 praesertim
2551 1949 2970 2016 Germanicae
3034 1954 3287 2017 nationi

611 2059 1155 2140 pernecessarium
1211 2059 1568 2122 institutum
1627 2067 1692 2122 et
1752 2060 2154 2144 propositum
2219 2057 2374 2122 lum·
2416 2057 2789 2122 Dominatio
2857 2057 2990 2123 Sua
3057 2082 3291 2145 quam-
3312 2068 3378 2120 15
3480 2097 3482 2106 =

611 2162 950 2248 plluimum
995 2163 1482 2229 commendavit.

789 2267 879 2333 Et
923 2273 1213 2356 quamvis
1260 2271 1416 2336 mm·
1444 2272 1815 2338 Dominatio
1862 2271 1995 2337 Sua
2025 2294 2226 2358 prona
2256 2280 2446 2356 atque
2477 2280 2700 2357 parata
2735 2281 2907 2337 esset
2938 2271 3286 2338 Sanctitah‘

611 2375 985 2442 Pontificiae
1029 2400 1276 2442 necnon
1324 2377 1599 2444 Cesaree
1644 2378 1969 2464 Majestati
2016 2382 2082 2442 in
2128 2378 2419 2443 omnibus
2451 2401 2615 2463 quae
2660 2401 2776 2465 pro
2822 2380 3057 2445 tmione
3105 2402 3290 2445 com-

613 2481 802 2546 modo
848 2491 914 2547 et
957 2484 1228 2549 utilitate
1272 2488 1362 2549 rei
1413 2485 1706 2571 publicae
1762 2485 2142 2551 christianae
2199 2484 2522 2550 deservire
2580 2494 2643 2549 et
2704 2484 3064 2552 conducere
3125 2511 3288 2574 pos-

612 2591 769 2669 sint,
827 2593 1320 2678 promtissimam
1390 2591 1902 2679 humilimamque
1962 2592 2357 2679 obsequendi
2416 2593 2809 2659 voluntatem
2883 2594 3142 2660 exibere
3196 2616 3285 2661 ac
3304 2601 3379 2656 20

614 2721 690 2761 ea
749 2720 1126 2783 promovere
1184 2699 1506 2786 nichilque
1559 2722 1676 2787 pro
1735 2723 1852 2764 sua
1908 2722 2183 2786 persona
2234 2703 2701 2786 pretermittere
2762 2701 2991 2766 vellet:
3052 2724 3283 2767 verum

612 2827 758 2869 cum
804 2804 959 2869 nlm·
1004 2805 1378 2871 Dominatio
1426 2805 1557 2871 Sua
1615 2810 1920 2871 memoria
1972 2809 2337 2892 repetiisset
2395 2805 2776 2893 quibusdam
2835 2809 3111 2872 comitiis
3171 2808 3282 2873 vel

612 2910 801 2975 dietis
895 2913 1328 2999 imperialibus
1423 2936 1540 3000 per
1621 2913 1964 2979 Cesaream
2044 2913 2454 2998 Majestatem
2545 2915 2866 2999 principes
2963 2914 3281 2980 electores

611 3026 980 3103 ceterosque
1027 3023 1347 3107 principes
1409 3028 1474 3085 et
1520 3028 1722 3086 status
1769 3020 2040 3085 Romani
2086 3022 2339 3106 imperii
2396 3018 2476 3084 de
2535 3020 2658 3085 hoc
2714 3029 2845 3084 tam
2904 3019 3105 3085 arduo
3162 3044 3282 3087 ne·
3480 3078 3482 3085 .

607 3127 785 3209 gotio
832 3125 1194 3191 celebrandi
1240 3127 1490 3192 concilii
1539 3136 1605 3192 et
1634 3128 1965 3213 presertim
2011 3127 2093 3192 de
2139 3128 2282 3192 loco
2327 3130 2538 3192 varios
2585 3135 2651 3191 et
2692 3127 2929 3191 multos
2966 3136 3279 3193 tractatus
3300 3136 3372 3189 25
3480 3156 3482 3203 1

609 3232 861 3298 habitos
907 3232 1110 3299 fuisse
1153 3235 1333 3320 juxta
1376 3243 1663 3298 tenorem
1721 3233 2064 3299 eorundem
2122 3234 2521 3320 imperalium
2578 3256 2980 3315 recessuum;
3039 3234 3279 3302 deinde

609 3341 799 3403 etiam
845 3338 1037 3405 iidem
1083 3340 1470 3405 coelectores
1517 3342 1840 3427 ceterique
1886 3342 2205 3427 principes
2251 3349 2317 3404 et
2361 3349 2564 3405 status
2611 3343 2859 3426 imperii
2907 3340 3276 3427 hujusmodi

609 3445 689 3510 de
721 3468 915 3511 causa
958 3449 1080 3533 ipsi
1115 3447 1429 3512 Cesarcae
1459 3448 1790 3533 Majestati
1837 3448 2185 3512 humillime
2231 3449 2606 3533 scripserint
2636 3446 3028 3532 eandemque
3073 3446 3278 3512 devo-

607 3555 852 3618 tissime
898 3555 1348 3635 consuluerint,
1394 3555 1475 3619 ob
1523 3578 1712 3641 quam
1756 3577 1891 3620 rem
1929 3554 2110 3619 mm·
2139 3553 2579 3619 Dominationi
2609 3552 2778 3619 Suae
2811 3554 3032 3637 (veluti
3078 3553 3276 3621 facile

746 3751 788 3799 ι)
818 3750 914 3790 Sic!
3295 3736 3373 3789 30
3480 3730 3482 3777 !

609 3857 707 3913 der
742 3856 1024 3925 Nuntius,
1059 3858 1324 3913 nachdem
1358 3873 1445 3926 er,
1480 3859 1582 3914 wie
1618 3875 1677 3913 er
1712 3859 1947 3923 echa-iob,
1984 3859 2100 3913 υἱον
2137 3859 2287 3927 Taye
2321 3858 2525 3927 mueaiy
2558 3876 2629 3913 zu
2664 3857 2999 3928 Heidelbery
3032 3858 3273 3927 yezeym,

606 3948 724 4004 sein
763 3947 978 4003 Geeuch
1024 3952 1301 4002 erneuerte
1344 3947 1465 4001 und
1510 3947 1621 4003 den
1656 3947 2011 4014 Kurfiirsten
2057 3948 2234 4003 durch
2276 3947 2720 4002 Schmeicheleien
2766 3948 2885 4003 sich
2928 3947 3153 4017 ,ωἳηειὶς
3192 3963 3276 4000 εκ

606 4037 858 4092 stimmen
903 4036 1104 4091 mahte.
1189 4036 1470 4091 Ebendaa.
1518 4035 1612 4090 fol.
1663 4037 1733 4091 39
1745 4037 1978 4106 ⁸-40·,
2041 4037 2201 4093 Cone.
2251 4037 2544 4091 undatim
2592 4036 3099 4106 (auqensckeinlich
3146 4051 3273 4090 vom

607 4129 683 4181 23
719 4126 978 4194 August).
1051 4124 1302 4180 Endlich
1351 4125 1481 4194 lieyt
1525 4126 1666 4180 noch
1717 4126 1810 4181 ein
1844 4126 2038 4180 ἀνίεται
2072 4125 2366 4180 Schreiben
2399 4125 2671 4180 desselben
2705 4141 2785 4178 an
2821 4124 3106 4180 denoelben
3138 4140 3273 4179 vor.-
3480 4152 3482 4187 ;

605 4214 869 4269 nachdem
904 4231 962 4268 er
996 4214 1199 4269 alteras
1235 4214 1423 4268 literas
1461 4214 1545 4268 his
1582 4216 1906 4284 conjunctas
1933 4214 2066 4280 (den
2090 4217 2141 4268 2.
2171 4212 2357 4281 Butes)
2390 4214 2747 4283 geschrieben,
2781 4214 2932 4268 scien
2958 4213 3367 4269 Mmohauae
3480 4224 3482 4277 ξ

606 4303 726 4358 und
764 4302 1010 4358 Kaneler
1047 4303 1140 4358 des
1174 4303 1524 4368 Kurfaraten
1557 4320 1629 4356 zu
1663 4304 1779 4356 ihm
1810 4303 2132 4372 qekommen,
2169 4303 2267 4356 mit
2305 4302 2403 4357 der
2438 4304 2615 4370 Bitu,
2650 4302 2901 4372 tayleich
2936 4303 3013 4357 im
3046 4300 3273 4356 Names·
3480 4298 3482 4305 '

608 4392 705 4447 der
739 4393 970 4461 abr-iqen
1003 4392 1184 4447 Rtwoe
1220 4393 1506 4461 desselben,
1541 4408 1602 4447 er
1634 4397 1784 4461 παῦρα
1820 4393 1990 4447 ilmen
2022 4393 2168 4447 seim
2207 4392 2483 4462 Werbuny
2510 4392 2847 4458 ααετίοῖιίεη,
2886 4392 2964 4445 da
2996 4391 3073 4447 sie
3105 4390 3273 4446 nidd

605 4478 832 4550 wiassten
866 4498 948 4537 wo
983 4482 1100 4537 sich
1125 4481 1217 4536 ihr
1243 4481 1396 4536 Hero·
1420 4480 1666 4549 befinde‚·
1700 4498 1759 4536 er
1795 4480 1928 4535 aber
1963 4481 2092 4535 bitte
2130 4481 2239 4535 den
2264 4480 2611 4546 Kurfssrsten
2644 4481 2747 4534 itm
2779 4480 2941 4534 selbst
2972 4497 3043 4533 eu
3074 4479 3269 4545 hore-⁸,

606 4570 785 4625 damit
832 4587 887 4626 es
935 4571 1088 4626 nicht
1133 4569 1243 4624 den
1286 4570 1567 4625 Anachein
1604 4570 1857 4640 yewinne
1905 4570 1989 4625 als
2037 4571 2105 4625 ob
2141 4570 2385 4640 Ludwig
2432 4570 2547 4623 ihm
2577 4569 2966 4639 aetus-seneli&
3002 4583 3103 4622 aas
3133 4565 3273 4623 dem
3480 4584 3482 4587 ·

613 4660 771 4729 Weqe
802 4659 949 4730 yche.
1020 4659 1305 4715 Ebendas.
1342 4658 1436 4714 fol.
1473 4658 1618 4714 34⁸1>
1657 4657 1847 4728 Gom„
1891 4658 2197 4715 undatim.
2272 4659 2413 4714 Erat
2459 4657 2795 4725 hieraufhin
2845 4653 2960 4726 nee
2993 4656 3105 4712 sid·
3136 4656 3362 4718 alsam
3480 4698 3482 4701 -

606 4776 672 4786 -
712 4765 801 4801 am
836 4747 1129 4818 folgenden
1167 4750 1315 4819 Taye
1353 4777 1419 4786 —
1457 4747 1556 4801 der
1590 4747 1874 4814 Kurfibrat
1907 4746 2128 4814 finden!
