3500 5300
344 477 484 527 1538

303 545 447 599 Jum’
481 549 521 599 2
573 580 586 593 .

537 275 647 334 294
1545 276 1643 331 No,
1683 276 1778 331 95:
1819 277 1957 331 1538
1990 276 2117 330 Juni
2154 277 2204 330 2.

716 472 1031 536 Havcndo
1080 472 1140 535 la
1185 471 1472 558 predetta
1520 471 1799 554 Maesta,
1847 493 2024 535 come
2068 492 2185 556 per
2229 469 2418 536 molte
2462 470 2619 533 altre
2665 472 2790 535 mie
2835 469 2918 535 ho
2965 471 3215 550 scritta,

535 587 842 644 ncercato
891 580 1061 644 aiuto
1107 577 1258 642 dalli
1305 579 1575 664 principi
1640 577 1705 641 di
1751 576 2100 641 Germania
2146 579 2278 641 cosi
2326 576 2618 641 catholici
2664 599 2844 642 come
2887 576 3214 642 lutherani

533 707 650 771 per
694 686 983 749 resistere
1040 685 1100 749 al
1146 685 1390 766 Turco,
1453 684 1642 770 hoggi
1687 683 1820 748 Sua
1867 684 2110 748 Maesta
2171 706 2288 748 con
2351 683 2540 770 longo
2587 686 3072 770 ragionamento
3119 685 3212 747 mi

534 791 619 855 ha
662 791 835 856 detto
882 790 998 856 che
1044 789 1269 856 dubita
1300 790 1536 856 havera
1575 812 1737 878 poco
1784 791 1869 854 da
1914 790 2083 855 l'uno
2128 799 2190 855 et
2219 790 2305 855 da
2344 788 2568 874 l'altro,
2615 790 2847 877 perche
2895 791 2938 854 li
2971 790 3210 855 Catho-

534 896 641 961 lici
686 898 913 962 dicono
959 906 1193 962 temere
1239 896 1322 961 da
1368 897 1716 962 Lutherani
1736 949 1752 979 ,
1812 919 1877 961 se
1922 896 2251 983 spogliano
2297 898 2355 961 le
2401 920 2511 962 suc
2555 899 2882 984 provincie
2925 920 3043 984 per
3087 898 3209 961 dar
3254 910 3292 962 5

535 1025 821 1068 soccorso
869 1003 994 1068 alla
1036 1004 1286 1068 Maesta
1331 1004 1491 1086 Sua3
1549 1004 1592 1068 li
1637 1003 1990 1069 Lutherani
2043 1004 2271 1069 dicono
2317 1013 2551 1069 temere
2598 1027 2722 1068 non
2771 1002 2903 1067 solo
2949 1003 3038 1067 da
3081 1002 3205 1068 Ca-

535 1108 783 1193 tholici,
843 1133 949 1174 ma
1007 1132 1241 1175 ancora
1299 1110 1469 1175 dalla
1513 1110 1759 1175 Maesta
1804 1110 2077 1175 Cesarea
2133 1117 2197 1174 et
2242 1109 2373 1175 Sua
2431 1108 2698 1174 facendo
2752 1107 2796 1173 il
2842 1108 3204 1173 medesimo.

534 1240 649 1304 per
693 1215 756 1281 la
800 1217 950 1305 qual
997 1217 1317 1282 discordia
1361 1217 1531 1283 l’una
1576 1226 1757 1304 parte
1816 1225 1879 1281 et
1922 1215 2129 1281 l'altra
2174 1218 2224 1280 si
2271 1238 2511 1281 excusa
2555 1238 2672 1280 con
2718 1217 2928 1302 giusto
2974 1214 3203 1279 colore.

535 1330 600 1388 et
642 1346 758 1409 per
803 1330 1024 1410 questo
1071 1323 1201 1390 Sua
1233 1324 1478 1389 Maesta
1521 1323 1715 1410 hoggi
1763 1324 1852 1387 mi
1898 1322 1984 1387 ha
2028 1323 2381 1409 significato
2427 1322 2546 1388 che
2590 1321 2637 1387 il
2683 1321 3012 1387 marchese
3057 1320 3203 1386 elet-

536 1438 671 1494 tore
718 1428 784 1493 di
815 1429 1294 1517 BrandeburgO,
1341 1429 1526 1518 quale
1572 1430 1640 1495 fu
1687 1432 1750 1495 in
1785 1429 2067 1513 Lusatia,
2114 1428 2240 1494 l'ba
2284 1438 2546 1516 pregato
2576 1427 2749 1515 vogli
2788 1450 3054 1515 operare
3084 1450 3204 1492 con
3225 1443 3288 1494 10

534 1535 598 1600 la
642 1536 888 1601 Maesta
932 1535 1205 1602 Cesarea
1252 1536 1369 1602 che
1415 1539 1467 1602 si
1514 1536 1723 1603 cerchi
1770 1536 2038 1623 qualche
2098 1536 2287 1601 modo
2348 1536 2413 1600 di
2462 1534 2839 1618 concordia,
2899 1532 3204 1599 accioche

535 1641 706 1706 l'una
750 1651 931 1729 parte
976 1652 1039 1708 et
1084 1642 1290 1709 l’altra
1347 1643 1448 1707 fra
1505 1665 1572 1708 se
1627 1644 1980 1707 assicurata
2038 1664 2227 1729 possa
2272 1641 2500 1729 meglio
2548 1644 2790 1707 aiutare
2833 1640 2900 1705 la
2945 1640 3204 1727 expedi-

538 1749 706 1814 tione
752 1755 973 1813 contra
1015 1748 1061 1814 il
1105 1750 1336 1815 Turco.
1431 1750 1564 1815 Sua
1609 1749 1873 1832 Maesta,
1920 1772 2098 1814 come
2143 1751 2232 1813 mi
2278 1748 2363 1813 ha
2402 1748 2593 1831 detto,
2639 1748 2725 1812 ha
2767 1749 3039 1835 risposto
3085 1746 3204 1812 che

536 1854 599 1919 la
645 1854 915 1920 Cesarea
960 1856 1207 1922 Maesta
1263 1864 1326 1922 et
1381 1855 1460 1921 lei
1522 1878 1675 1922 sono
1735 1857 1881 1921 stati
1928 1863 2105 1921 tanto
2151 1854 2413 1941 benigni
2458 1877 2643 1921 verso
2690 1853 3044 1920 Lutherani
3085 1853 3206 1918 che

536 1984 662 2026 non
709 1960 874 2027 hano
921 1983 1114 2027 causa
1159 1961 1238 2028 de
1285 1969 1550 2047 temere3
1611 1985 1716 2027 ma
1773 1984 1933 2049 pure
1991 1961 2109 2027 che
2165 1959 2210 2024 li
2267 1963 2547 2048 piaceria
2602 1961 2930 2026 intendere
2984 1961 3070 2025 da
3111 1959 3208 2024 lui
3229 1974 3292 2026 15

537 2067 691 2155 qual
735 2068 922 2134 modo
969 2068 1037 2133 di
1082 2069 1424 2134 concordia
1481 2071 1534 2134 si
1595 2077 1846 2156 potesse
1906 2067 2173 2157 pigliare
2186 2117 2205 2151 ,
2269 2066 2567 2133 accioche
2614 2067 3010 2133 sicurandosi
3056 2067 3210 2151 ogni

537 2196 666 2238 uno
711 2176 762 2239 si
807 2182 1055 2261 potesse
1099 2174 1425 2241 intendere
1470 2174 1995 2240 concordemente
2041 2196 2082 2238 a
2124 2181 2348 2261 questa
2391 2175 2667 2261 impresa
2710 2172 2814 2239 del
2860 2173 3091 2238 Tui-co.

714 2280 771 2345 11
814 2281 1099 2368 predetto
1146 2280 1489 2365 marchese,
1536 2279 1722 2368 quale
1768 2281 1806 2346 ὸ
1849 2287 2068 2346 tenuto
2113 2289 2179 2346 et
2220 2281 2290 2345 in
2334 2280 2545 2346 effetto
2591 2281 2628 2345 e
2659 2278 2991 2362 catholico,
3038 2279 3210 2344 disee

538 2410 579 2453 a
624 2387 756 2454 Sua
802 2387 1045 2453 Maesta
1090 2387 1205 2453 che
1249 2410 1365 2474 per
1407 2387 1453 2452 il
1498 2387 1768 2454 concilio
1783 2438 1801 2470 ‚
1859 2387 2084 2453 stando
2143 2386 2201 2452 le
2246 2410 2390 2452 cose
2433 2387 2537 2452 nel
2584 2394 2874 2474 presente
2918 2388 3209 2468 termine,

540 2516 650 2559 era
705 2493 1089 2581 impossibile
1149 2495 1343 2560 redur
1397 2493 1747 2560 Lutherani
1763 2544 1782 2578 ,
1839 2494 2074 2580 perche
2133 2493 2426 2558 havendo
2485 2496 2607 2559 essi
2665 2493 3016 2559 deliberato
3076 2514 3206 2557 non
3226 2505 3298 2559 20

541 2599 716 2666 voler
762 2623 1128 2688 comparere
1143 2651 1163 2685 ‚
1210 2607 1846 2688 consequentemente
1890 2607 2227 2666 restavano
2274 2600 2656 2666 condennati
2700 2609 2767 2667 et
2811 2598 3207 2686 bisognando

540 2708 675 2772 fare
733 2706 797 2773 la
854 2710 1230 2774 executione
1288 2707 1455 2773 della
1511 2707 2018 2773 condennatione
2077 2730 2188 2772 era
2246 2709 2603 2773 necessario
2648 2705 2878 2793 pigliar
2922 2705 2982 2771 le
3025 2708 3208 2770 armi.

540 2814 605 2879 la
651 2812 800 2901 qual
848 2836 1025 2897 cosa,
1077 2813 1237 2881 oltre
1294 2814 1411 2880 che
1469 2837 1579 2880 era
1624 2816 1913 2880 dannosa
1957 2812 2083 2878 alla
2127 2813 2492 2897 Germania,
2538 2837 2650 2880 era
2693 2812 2974 2878 anchora
3012 2811 3208 2878 molto

540 2920 891 3008 pericolosa
937 2919 1043 2985 alli
1088 2921 1403 2987 Catholici
1447 2944 1561 3008 per
1605 2943 1810 2986 essere
1854 2921 1900 2986 li
1964 2919 2180 3008 populi
2236 2942 2351 3008 per
2394 2919 2459 2985 la
2502 2922 2793 3007 maggior
2835 2928 3016 3007 parte
3063 2942 3208 2986 con·

541 3028 850 3110 taminati,
897 3036 961 3092 et
1007 3026 1126 3093 che
1169 3028 1489 3114 impediva
1547 3050 1662 3115 per
1717 3028 1782 3092 la
1838 3027 2157 3093 discordia
2199 3028 2502 3093 intestina
2543 3025 2608 3091 la
2652 3028 2950 3093 esteriore
2992 3034 3059 3092 et
3099 3049 3208 3092 ne·
3224 3039 3290 3093 ff>

543 3135 813 3198 cessaria
870 3134 1227 3219 provisione
1284 3142 1509 3199 contra
1571 3133 1617 3197 il
1661 3133 1892 3199 Turco.
1986 3141 2276 3220 pei-tanto
2334 3156 2617 3221 pregava
2677 3132 2742 3198 la
2783 3133 3035 3199 Maesta
3079 3132 3210 3198 Sua

544 3238 784 3304 volesse
844 3241 1078 3305 instare
1138 3262 1438 3327 appresso
1496 3238 1561 3304 la
1606 3239 1880 3306 Cesarea
1923 3240 2171 3305 Maesta
2228 3240 2346 3306 che
2405 3263 2472 3306 se
2517 3242 2785 3306 intrasse
2829 3242 2895 3304 in
2941 3238 3210 3326 qualche

543 3353 800 3411 trattato
845 3345 1177 3412 d’accordo
1224 3347 1446 3412 avanti
1490 3344 1535 3411 il
1599 3346 1867 3412 concilio
1929 3355 2028 3412 tra
2074 3347 2205 3413 Sua
2251 3346 2500 3413 Santita
2552 3354 2617 3412 et
2672 3345 2716 3410 li
2776 3347 3049 3433 principi
3115 3345 3210 3410 lu·

542 3452 788 3518 therani
832 3461 897 3518 et
956 3452 1071 3518 che
1118 3476 1410 3540 operasse
1470 3453 1586 3518 che
1633 3452 1765 3519 Sua
1810 3453 2082 3519 Cesarea
2126 3453 2373 3519 Maesta
2419 3455 2789 3539 impetrasse
2848 3453 2933 3518 da
2979 3451 3211 3518 Nostro

545 3559 809 3646 Signore
856 3559 974 3625 che
1017 3559 1352 3647 deputasse
1396 3559 1611 3625 alcuni
1675 3561 2087 3626 commissarii
2146 3583 2262 3646 per
2305 3559 2349 3625 il
2396 3569 2654 3626 trattato
2701 3560 2767 3624 di
2817 3558 2909 3624 tal
2954 3582 3212 3625 concor-
3229 3571 3294 3625 30

545 3667 683 3751 dia,
745 3666 1017 3732 tenendo
1076 3689 1190 3754 per
1246 3666 1445 3731 fermo
1505 3665 1622 3731 che
1679 3689 1796 3753 per
1858 3665 1944 3731 tal
2003 3667 2111 3731 via
2169 3668 2222 3730 si
2268 3665 2536 3732 sarebbe
2580 3674 2841 3752 operato
2885 3667 3054 3731 assai
3098 3668 3211 3752 piu

545 3774 661 3840 che
727 3796 842 3860 per
910 3776 1017 3838 via
1083 3772 1186 3838 del
1256 3772 1553 3856 concilio,
1624 3772 1669 3837 il
1736 3772 1924 3861 quale
1990 3775 2057 3836 in
2127 3781 2289 3838 tutto
2356 3796 2467 3839 era
2525 3772 2860 3860 repudiato
2930 3773 3015 3837 da
3084 3772 3212 3837 Lu·

545 3880 810 3946 therani.

725 3988 848 4052 Per
891 3987 951 4052 le
996 3985 1165 4075 quali
1211 3985 1614 4053 eshortationi
1659 3996 1722 4052 et
1753 3985 2084 4074 preghiere
2131 3986 2231 4052 del
2278 3986 2564 4073 predetto
2608 3985 2955 4070 mmcheee,
3001 3988 3212 4051 existi-

546 4093 781 4158 mando
828 4094 958 4159 Sua
1004 4093 1250 4158 Maesta
1307 4094 1401 4157 sia
1459 4116 1498 4157 a
1559 4092 1853 4158 benefitio
1911 4093 1977 4157 di
2035 4101 2200 4158 tutta
2257 4092 2320 4157 la
2364 4090 2770 4158 Christianita
2815 4099 2879 4157 et
2923 4092 3290 4158 vedend035

549 4201 607 4265 le
654 4199 961 4265 difficulta
1005 4199 1071 4264 di
1116 4207 1331 4286 potere
1379 4201 1557 4264 unire
1602 4199 1666 4264 la
1712 4200 2058 4266 Germania
2103 4208 2324 4265 contra
2369 4199 2414 4263 il
2460 4199 2707 4280 Turco,
2765 4198 3016 4263 haveva
3063 4198 3212 4264 deli·

552 4307 769 4372 berato
817 4309 1135 4371 scriverne
1180 4304 1305 4371 alla
1352 4305 1625 4371 Cesarea
1673 4306 1935 4387 Maesta,
1982 4305 2278 4371 accioche
2327 4307 2392 4369 di
2441 4307 2537 4370 cio
2584 4314 2876 4370 trattasse
2923 4328 3043 4370 con
3086 4306 3213 4372 Sua

550 4413 951 4478 Beatitudine
997 4412 1323 4499 parendoli
1368 4412 1745 4499 espediente.
1839 4413 2218 4477 nondimeno
2279 4436 2390 4500 per
2447 4412 2510 4476 la
2577 4411 2766 4477 filiale
2826 4416 3214 4477 osservantia

552 4542 669 4582 sua
700 4541 882 4582 verso
908 4520 1038 4583 Sua
1055 4518 1458 4583 Beatitudine
1487 4518 1737 4584 haveva
1770 4518 1985 4584 voluto
2015 4518 2060 4582 il
2091 4527 2253 4585 tutto
2287 4518 2712 4606 significarmi,
2744 4518 3043 4584 accioche
3073 4543 3210 4607 par-

552 4623 825 4689 landone
869 4622 933 4687 la
965 4624 1238 4690 Cesarea
1283 4624 1527 4690 Maesta
1558 4627 1687 4690 Sua
1719 4626 1972 4691 Santita
2017 4649 2095 4690 ne
2140 4626 2403 4691 havesse
2443 4625 2710 4715 qualche
2753 4626 3291 4713 informationem
