3500 5300
1429 315 1528 370 Νο.
1569 317 1668 370 1¹⁸¹:
1708 318 1863 372 1536.
2876 320 2977 380 401

315 507 455 571 silio
486 507 844 593 relinquere
876 508 1330 596 indulgereque
1364 519 1435 576 ut
1465 513 1531 574 in
1561 511 1660 576 his
1694 523 1794 577 sat
1826 516 1906 578 sit
1939 514 2021 578 ad
2053 515 2442 580 celebritatis
2468 517 2980 583 observationem
3037 522 3179 573 1536

310 616 363 678 si
432 615 693 679 missam
764 614 1095 680 audierint.
1205 615 1535 703 expediret
1616 620 1806 683 etiam
1879 617 2182 685 declarari
2255 645 2292 685 a
2374 622 2602 707 quibus
2681 624 2980 709 operibus

309 719 686 785 cessandum
751 731 815 786 et
877 745 1003 809 qua
1050 725 1385 788 occasione
1433 724 1534 788 vel
1581 727 1967 791 necessitate
2011 725 2201 791 liceat
2261 728 2462 792 festos
2510 728 2649 792 dies
2695 751 2820 794 non
2866 731 2982 794 ob-

309 850 592 893 servare:
641 852 764 914 quc
812 851 927 893 nos
973 831 1039 893 in
1086 832 1541 896 constitutione
1587 839 1804 896 nostra
1850 834 1916 896 in
1974 835 2353 919 provinciali
2399 845 2720 901 conventu
2765 835 2980 901 Ratis-

252 943 289 996 5
310 958 476 1020 pone
523 935 742 1000 habito
789 935 871 1000 ad
912 937 1173 1000 multam
1206 938 1695 1022 provincialium
1734 938 1818 1005 de
1863 938 2223 1026 hujusmodi
2266 940 2725 1008 festivitatibus
2758 965 2982 1029 quere-

307 1042 432 1106 lam
480 1040 653 1106 edita
699 1043 1119 1129 explicuimus
1145 1047 1192 1124 ⁸)
1225 1047 1288 1122 ¹).

306 1222 408 1282 38.
484 1219 588 1283 De
635 1218 931 1284 domibus
995 1220 1287 1285 ordinum
1335 1222 1695 1286 militarium
1754 1245 1832 1288 ac
1893 1224 2123 1288 balivis
2185 1225 2389 1289 ordini
2451 1226 2706 1291 militari
2762 1227 2977 1292 Theu-

1315 1331 1669 1392 tonicorum
1715 1332 1969 1416 ereptis,

484 1434 588 1496 An
651 1433 876 1498 domus
934 1434 1158 1498 militie
1220 1435 1404 1499 beate
1464 1434 1671 1500 Marie
1714 1436 2272 1503 x'Theutonicorum
2331 1462 2446 1524 per
2493 1439 2846 1504 Germanos
2907 1444 2974 1505 in

220 1549 287 1600 10
306 1539 493 1604 Italia
540 1540 879 1605 inhabitari
926 1542 1109 1605 solite
1158 1565 1194 1606 a
1242 1541 1579 1606 Germanis
1628 1542 1893 1607 fundate
1951 1543 2219 1622 fuerint,
2279 1546 2584 1610 incertum
2649 1545 2972 1611 habemus,

304 1645 386 1710 de
432 1633 824 1712 Bononiensi
870 1670 1099 1732 magna
1130 1650 1491 1733 conjectura
1538 1658 1653 1726 est,
1699 1648 1871 1735 quod
1921 1649 2145 1714 domus
2194 1673 2272 1714 ex
2320 1651 2588 1715 ecclesia
2626 1675 2751 1737 que
2783 1652 2972 1717 modo

193 1807 199 1811 ,
303 1753 472 1817 illius
520 1761 619 1818 est
664 1752 905 1818 ordinis
962 1764 1025 1818 et
1089 1776 1305 1818 curam
1355 1757 1615 1819 retinuit
1660 1757 2037 1833 animarum,
2096 1757 2178 1821 ab
2237 1756 2417 1821 Italis
2481 1757 2700 1822 dotata
2757 1758 2969 1823 fuerit.

302 1867 450 1924 ante
498 1862 855 1924 institut-um
902 1860 1185 1926 ordinem
1232 1861 1457 1925 militie
1502 1860 2042 1926 Theutonicorum
2074 1862 2454 1948 parochialis
2502 1873 2636 1928 erat
2682 1864 2970 1944 ecclesia,

300 1976 490 2052 prout
554 1990 634 2031 ex
708 1968 1159 2052 antiquissimis
1216 1969 1514 2052 regestris
1583 1968 2038 2054 parochialium
2099 1970 2509 2034 ecclesiarum
2567 1972 2847 2035 civitatis
2905 1980 2970 2035 et

212 2079 281 2132 15
302 2073 574 2139 diocesis
620 2074 1043 2139 Bononiensis
1092 2076 1248 2138 satis
1295 2083 1564 2139 constat.
1641 2085 2030 2161 quapropter
2075 2077 2481 2142 verisimilius
2528 2087 2628 2142 est
2672 2080 2736 2142 in
2778 2076 2969 2143 Italia

303 2181 382 2245 ab
430 2180 613 2245 Italis
658 2180 861 2245 fuisse
909 2179 1155 2260 dotata3
1202 2203 1325 2266 quc
1372 2183 1425 2245 si
1473 2184 1537 2245 in
1586 2181 1957 2246 comendam
2006 2183 2247 2262 abiere,
2294 2207 2417 2248 non
2465 2193 2564 2249 est
2608 2183 2778 2270 quod
2824 2188 2966 2271 quis
3072 2171 3090 2180 ⁵

301 2312 370 2352 sc
414 2295 747 2371 gravatum
794 2295 974 2374 putet
1021 2288 1101 2352 ab
1135 2288 1482 2374 apostolica
1527 2287 1697 2367 sede,
1743 2288 1858 2353 sed
1890 2289 2013 2353 sibi
2045 2292 2360 2375 imputent
2386 2291 2434 2372 ¹²)
2482 2293 2590 2375 qui
2619 2297 2663 2372 ⁰)
2712 2314 2964 2356 comen-

445 2449 487 2498 ι)
516 2446 614 2488 Rea.
645 2448 668 2487 1
696 2456 805 2496 quae
845 2457 925 2487 nos
965 2446 1008 2488 in
1047 2446 1366 2488 constitutione
1395 2447 1545 2488 nostn
1582 2443 1628 2488 in
1666 2447 1930 2499 provinciali
1966 2450 2182 2489 conventu
2212 2449 2520 2491 Ratlsbenensi
2548 2461 2663 2491 anne
2695 2452 2796 2492 1524
2826 2450 2963 2498 edita.

298 2519 401 2560 dnm
430 2518 486 2559 ts.
509 2529 569 2560 re.
592 2516 831 2559 Clementis
854 2517 925 2558 vu
955 2518 1002 2559 et
1028 2516 1269 2569 apostolice
1299 2518 1421 2559 sedis
1449 2517 1672 2570 legatione
1699 2517 1992 2569 fungeremur.
2034 2519 2323 2571 explicuimus
2345 2520 2436 2572 jam
2465 2532 2548 2562 usn
2575 2533 2601 2561 a
2628 2520 2965 2573 provincialibus

203 2577 282 2631 20
298 2589 489 2642 receptu.

443 2661 486 2712 b)
516 2661 616 2702 3011.
653 2664 671 2702 1
698 2661 794 2702 add.
824 2660 1039 2703 Germani.

442 2734 482 2781 c)
514 2732 611 2774 Καὶ.
645 2734 667 2773 1
693 2732 791 2773 add.
820 2732 936 2773 malo
964 2731 1190 2784 regimine.

446 2825 483 2889 ¹)
532 2822 647 2892 1⁷91.
688 2823 780 2877 die
815 2822 1155 2878 constitutio
1209 2822 1280 2876 ad
1336 2822 1690 2877 removendos
1738 2821 1947 2878 abusus
1986 2863 1998 2876 .
2040 2864 2053 2877 .
2095 2865 2105 2876 .
2157 2839 2257 2893 per
2303 2864 2315 2877 .
2360 2865 2370 2877 .
2418 2865 2430 2878 .
2470 2823 2831 2879 Laurentium
2868 2827 2955 2880 tit.

300 2920 526 2968 sanctae
561 2912 894 2967 Anastasiae
932 2910 987 2966 S.
1026 2911 1093 2965 R.
1130 2911 1194 2965 E.
1233 2910 1413 2981 presb.
1454 2911 1602 2966 card.
1641 2918 1699 2966 et
1732 2911 1804 2965 ad
1842 2911 2194 2967 Germaniam
2233 2918 2337 2967 cet.
2376 2913 2459 2967 de.
2499 2913 2669 2967 latere
2707 2913 2954 2985 legatum

201 3005 276 3059 25
299 3041 541 3055 ......
578 2999 916 3055 Ratisbonae
951 3000 1102 3055 edita
1146 3017 1291 3055 anno
1329 3001 1486 3068 1524,
1535 3006 1643 3055 art.
1680 3004 1751 3055 21
1788 3001 1900 3067 (bei
1943 3000 2174 3056 Goldast
2211 2999 2465 3056 Collectio
2502 3002 2957 3056 constitutionum

296 3089 673 3159 imperialium
708 3089 823 3145 ΙΙΙ
842 3106 976 3159 pay.
1014 3092 1176 3158 490).·
1226 3088 1344 3144 Nec
1380 3087 1451 3144 ab
1488 3106 1564 3157 re,
1619 3089 1786 3144 immo
1834 3089 2002 3159 justis
2046 3089 2115 3143 de
2170 3089 2353 3144 causis
2407 3089 2631 3145 adducti
2690 3090 2954 3145 festorum

297 3180 705 3236 multitudinem
742 3178 1223 3249 constringendam
1261 3194 1381 3232 esse
1418 3178 1689 3247 duximus,
1740 3184 2048 3232 statuentes
2085 3186 2142 3232 et
2178 3177 2494 3233 ordinantes
2531 3185 2595 3233 ut
2629 3179 2697 3233 de
2734 3186 2953 3235 caetero

294 3269 569 3325 dominica
604 3269 739 3334 dies,
776 3283 919 3338 qnae
956 3267 1011 3321 in
1049 3267 1281 3339 gloriam
1316 3267 1621 3321 dominicae
1659 3267 2072 3322 resurrectionis
2108 3267 2178 3320 ad
2207 3283 2306 3320 nos
2341 3283 2378 3321 a
2404 3267 2682 3337 primitiva
2718 3269 2955 3324 eeclesia

294 3357 526 3413 maxime
563 3355 797 3413 celebris
834 3373 1048 3427 semper
1083 3355 1278 3411 habita
1312 3362 1428 3415 est;
1467 3356 1584 3411 dies
1620 3372 1842 3427 quoque
1870 3356 2177 3411 nativitatis
2205 3355 2411 3411 Christi
2452 3352 2606 3428 [Dec.
2624 3357 2730 3425 25],
2768 3375 2811 3410 s.
2833 3356 2951 3413 Ste-

198 3452 275 3505 30
292 3448 459 3519 phani
500 3446 649 3516 [Dec.
678 3446 795 3515 26]‚
830 3446 1103 3502 «Iohannis
1123 3445 1272 3514 [Dec.
1292 3445 1386 3514 27]
1425 3452 1482 3500 et
1508 3445 1890 3500 innocentium
1918 3444 2069 3514 IDec.
2088 3445 2204 3512 28],
2242 3445 2675 3501 circumcisionis
2705 3444 2857 3515 [Jan.
2878 3447 2949 3513 11,

290 3536 709 3607 epiphaniorum
747 3535 900 3603 [Jan.
941 3535 1011 3603 61,
1048 3535 1288 3605 paschae
1325 3551 1451 3589 eum
1488 3533 1628 3588 feria
1663 3534 1907 3589 secunda
1942 3542 1999 3588 et
2035 3534 2200 3589 tertia
2244 3534 2547 3601 dumtaxat,
2598 3535 2950 3603 ascensionis,

290 3624 519 3694 Georgii
565 3624 760 3694 [April
776 3624 890 3693 23],
944 3630 1291 3694 pentecostes
1345 3640 1472 3678 cum
1526 3622 1666 3677 feria
1721 3622 1964 3678 secunda
2013 3631 2070 3677 et
2124 3623 2291 3677 tertia
2336 3623 2650 3690 dumtaxat,
2706 3624 2950 3693 eorporis

289 3712 514 3781 Christi,
570 3719 809 3783 quatuor
855 3711 909 3767 b.
948 3712 1222 3784 Virginis:
1277 3710 1677 3782 purificationis
1730 3711 2005 3780 [Februar
2022 3712 2099 3780 2],
2145 3712 2586 3766 annunciationis
2637 3711 2818 3779 [Μᾶνι
2833 3711 2948 3781 25],

288 3801 678 3873 assumptionis
715 3801 882 3870 [Any.
920 3800 1007 3871 15]
1046 3807 1102 3856 et
1138 3800 1444 3856 nativitatis
1484 3796 1647 3872 [Sept.
1684 3800 1770 3869 8];
1810 3800 2016 3855 natalia
2052 3801 2442 3871 apostolorum,
2479 3800 2712 3856 «Ioannis
2750 3800 2940 3871 Bapti-

196 3894 271 3948 35
290 3898 408 3946 stae
445 3890 607 3959 [Juni
640 3891 753 3959 24],
810 3889 1171 3961 Magdalenae
1209 3889 1349 3959 [Juli
1385 3890 1506 3957 22],
1567 3889 1853 3945 Laurentii
1906 3890 2072 3958 [Any.
2112 3888 2228 3957 10],
2283 3889 2643 3944 dedicationis
2687 3889 2942 3945 Michelis

289 3980 600 4049 [Sept.29].
637 3978 880 4033 omnium
918 3986 1234 4034 sanctorum
1271 3978 1433 4047 [Nou.
1456 3977 1522 4048 11,
1544 3977 1766 4033 Martini
1806 3977 1969 4047 [Nov.
1990 3977 2092 4046 11],
2131 3977 2346 4033 Nicolai
2384 3975 2538 4047 [Dec.
2563 3978 2619 4045 ej
2659 3986 2716 4033 et
2745 3977 2945 4033 Catha-

288 4069 439 4123 rinae
478 4065 635 4141 [Nov.
673 4067 761 4137 25]
810 4075 868 4123 et
912 4085 1015 4139 per
1061 4068 1357 4123 diocaesim
1406 4065 1864 4138 Salzburgensem
1912 4066 2238 4121 festivitates
2275 4085 2316 4121 s.
2357 4066 2588 4136 Ruperti
2628 4066 2810 4133 [Mdrz
2843 4071 2916 4121 27
2929 4086 2948 4134 ‚-

287 4158 436 4228 Sept.
474 4157 591 4226 24],
628 4157 793 4212 sicuti
829 4157 1100 4212 hactenus
1136 4155 1458 4211 observatae
1495 4155 1747 4223 fuerunt,
1787 4154 2030 4210 celebres
2077 4172 2296 4227 quoque
2333 4162 2390 4210 et
2440 4155 2566 4210 festi
2615 4154 2942 4211 habeantur.

286 4247 343 4301 in
379 4247 613 4302 caeteris
649 4253 835 4300 autem
870 4244 1267 4301 festivitatibus
1304 4260 1654 4317 quacumque
1690 4244 1902 4299 ratione
1939 4245 2023 4299 vel
2061 4244 2331 4299 institutis
2367 4245 2452 4298 vel
2488 4244 2725 4314 receptis
2761 4250 2818 4299 et
2846 4244 2941 4315 qui

192 4334 391 4391 40sub
426 4342 724 4407 praecepto
761 4333 1027 4389 celebrari
1063 4333 1318 4402 debeant,
1355 4333 1725 4404 permittimus
1763 4332 2105 4405 liberumque
2155 4335 2356 4406 cuique
2405 4332 2640 4387 facimus
2678 4338 2740 4387 nt
2776 4332 2943 4386 missa

283 4424 476 4480 audita
510 4424 583 4479 ad
617 4440 813 4494 operas
849 4440 977 4478 suas
1013 4422 1219 4495 quibus
1256 4439 1411 4478 suam
1449 4438 1783 4493 suorumque
1819 4422 2132 4477 alimoniam
2170 4438 2433 4495 quaerere
2470 4422 2704 4492 cogitur,
2763 4420 2940 4475 redire

282 4513 476 4585 possit,
511 4511 669 4568 festis
706 4519 888 4567 tamen
925 4512 1331 4569 dedicationum
1358 4518 1711 4583 patronorum
1740 4518 1798 4566 et
1832 4512 2221 4583 principalium
2242 4511 2377 4565 nihil
2412 4511 2739 4581 derogantes
2759 4510 2937 4580 quoad

283 4619 472 4659 eorum
508 4600 929 4658 celebrationem
966 4601 1021 4656 in
1058 4599 1362 4656 cathedrali
1399 4599 1527 4655 sede
1566 4599 1901 4671 civitateqne
1936 4617 2004 4655 ac
2055 4600 2176 4656 loco
2224 4600 2390 4655 etiam
2442 4599 2774 4670 episcopalis
2809 4599 2937 4653 resi-

282 4691 502 4747 dentiae
535 4690 836 4746 dumtaxat.

389 4795 1004 4847 leant-tuborum..
1035 4796 1151 4837 ente
1179 4794 1464 4846 Abthossnng.
1492 4794 1569 4836 aa.
1600 4794 1656 4835 11.
2442 4776 2512 4829 26
