3500 5300
563 322 670 383 380
1404 325 1502 380 No,
1535 327 1844 380 126-127:
1871 325 2010 380 1535
2037 325 2268 380 Februar
2296 327 2381 380 10.

362 527 497 577 1535
567 531 763 586 tatem
809 522 1013 586 Tuam
1060 533 1343 586 nostrum
1392 532 1455 586 et
1514 523 1702 608 hujus
1750 531 2008 586 sanctae
2057 520 2228 585 sedis
2277 522 2566 585 nuntium
2614 531 2679 585 et
2725 533 3039 587 oratorem
3084 526 3233 587 mit—

299 594 439 649 Fbr‘
482 599 547 648 ¹⁰
564 629 754 692 timus
811 627 981 714 apud
1040 640 1105 694 te
1164 639 1381 694 nostra
1440 640 1502 694 et
1565 629 1775 693 dictae
1837 628 2008 692 sedis
2066 637 2297 693 cuncta
2341 649 2502 715 quae
2549 628 2900 693 acciderint
2946 633 3232 714 negocia,

564 734 679 800 sed
724 738 1067 821 praecipue
1129 747 1194 800 et.
1240 738 1511 800 maxime
1559 735 1717 800 dicti
1764 735 2140 800 universalis
2189 735 2442 800 concilii
2490 735 3011 817 celebrationem,
3056 737 3230 823 quod

562 865 715 927 prae
762 846 991 906 ceteris
1025 844 1314 907 omnibus
1350 844 1531 907 nobis
1565 843 1738 907 cordi
1777 854 1892 922 est,
1939 826 2300 907 curaturum
2336 845 2395 922 ¹).
2442 865 2635 928 super
2665 867 2791 929 quo
2824 866 2970 908 cum
3016 846 3228 930 ipsum

564 949 827 1013 Petrum
870 949 1137 1014 Paulum
1197 951 1385 1035 plene
1446 950 1526 1014 de
1587 951 1880 1014 omnibus
1941 949 2024 1014 ad
2084 959 2149 1014 te
2200 959 2264 1014 et
2321 949 2402 1014 ad
2449 949 2718 1014 dilect-os
2773 951 2934 1015 filios
2981 951 3228 1016 nobiles
3280 962 3313 1013 5

566 1059 736 1120 viros
787 1057 1092 1120 electores
1150 1080 1225 1121 ac
1288 1059 1607 1143 principes
1669 1067 1734 1121 et
1792 1057 2062 1120 circulos
2112 1055 2494 1121 Germaniae
2554 1080 2698 1120 cum
2744 1061 2980 1123 nostris
3027 1058 3227 1122 literis

565 1173 629 1226 et
674 1163 985 1228 mandatis
1034 1166 1355 1228 mittamus
1404 1167 1801 1242 instructum,
1847 1163 1928 1228 ad
1976 1166 2111 1249 ejus
2160 1164 2648 1249 explicationem
2694 1187 2808 1228 nos
2854 1165 3228 1244 referenteS‚

563 1280 807 1334 tantum
841 1270 1261 1335 serenitatem
1292 1271 1495 1335 Tuam
1543 1271 1935 1335 hortabimur
1979 1281 2046 1334 ut
2082 1294 2226 1335 eum
2271 1271 2459 1334 solito
2506 1294 2718 1336 amore
2750 1283 2942 1357 atque
2989 1272 3227 1336 honore

565 1379 859 1462 excipere
920 1377 1235 1463 fidemque
1297 1380 1432 1463 ejus
1496 1379 1709 1442 verbis
1761 1378 2084 1442 indubiam
2132 1381 2430 1442 continue
2477 1389 2801 1464 praestare
2849 1401 2924 1443 ae
2970 1379 3226 1443 solitum

562 1483 850 1548 ardorem
898 1496 1042 1549 tuae
1104 1508 1423 1570 nunquam
1484 1487 1637 1549 satis
1701 1485 1992 1549 laudatae
2040 1487 2300 1571 pietatis
2349 1487 2413 1548 in
2460 1486 2774 1550 catholiea
2819 1485 2944 1550 fide
2991 1486 3228 1550 tuenda
3250 1496 3317 1548 10

564 1601 630 1654 et
672 1575 1065 1656 restituenda
1111 1595 1479 1656 continuare
1528 1592 1707 1670 velis,
1754 1594 1919 1668 sicut
1967 1615 2090 1656 non
2131 1591 2495 1658 dubitamus
2542 1603 2607 1657 te
2655 1616 2770 1680 pro
2817 1603 2928 1658 tua
2958 1615 3228 1658 consue-

562 1696 782 1762 tudine
830 1698 1044 1763 offieio
1093 1707 1155 1761 et
1201 1699 1401 1781 gloria
1446 1699 1783 1763 facturum.

289 1822 351 1878 F
355 1823 430 1877 br·
471 1827 544 1876 10
738 1822 977 1888 Datum
1024 1823 1265 1889 Romae
1320 1834 1399 1891 10
1446 1823 1749 1889 februarii
1804 1833 1971 1891 1535
2021 1847 2185 1888 anno
2233 1827 2436 1910 primo
2465 1827 2529 1905 ²).

2735 1931 3010 1998 BlosiuS.

291 2218 352 2272 F
356 2219 433 2272 br.
474 2218 712 2285 10127.
803 2219 1085 2284 Fernere
1132 2217 1703 2300 Beylaubiyunyen
1751 2217 1859 2283 des
1920 2217 2233 2300 VeryeriO.
2326 2219 2489 2281 1535
2521 2217 2821 2282 Februar
2866 2221 2949 2283 10
2993 2217 3173 2284 Rom.
3252 2225 3323 2278 15

1178 2347 1262 2428 a)
1309 2343 1438 2408 Bee:
1486 2344 1597 2407 der
1641 2343 1995 2408 romischen
2042 2343 2338 2425 Kc'iniyin
2384 2344 2603 2407 Anna.

704 2487 826 2541 Aus
860 2487 1015 2554 Rom,
1054 2486 1219 2541 Arch.
1269 2485 1391 2539 ναι.
1430 2485 1583 2539 Arm.
1622 2486 1692 2538 40
1730 2485 1852 2540 Vol.
1893 2486 1963 2540 50
2000 2485 2092 2539 fol.
2131 2485 2276 2540 306b
2314 2503 2394 2539 nr.
2434 2486 2539 2539 323
2581 2483 2741 2540 conc.

740 2611 1023 2696 Reginae
1070 2610 1515 2675 Romanorum.

740 2720 1086 2784 Carissima
1132 2721 1193 2781 in
1242 2717 1500 2781 Christo
1548 2718 1673 2781 filia
1731 2726 1946 2782 nostra
1993 2716 2260 2781 salutem
2308 2728 2427 2781 cte.
2519 2720 2842 2781 mittentes
2890 2717 2970 2782 ad
3019 2719 3230 2803 Maje—

560 2836 789 2890 statem
822 2824 999 2889 Sermi
1051 2827 1141 2889 tui
1174 2824 1557 2889 conthoralis
1591 2824 1650 2888 d.
1683 2823 1729 2887 f.
1763 2824 1834 2888 P.
1867 2824 2136 2888 Paulum
2165 2823 2550 2908 Vel-gerium
2601 2826 2890 2887 nuntium
2938 2836 3228 2889 nostrum
3250 2833 3325 2884 20

561 2942 623 2996 et
671 2934 857 3018 hujus
904 2942 1161 2997 sanetae
1210 2932 1400 3011 sedis,
1450 2933 1507 2995 ei
1554 2930 1995 2996 mandavimus
2044 2942 2115 2994 ut
2146 2932 2565 2995 Serenitatem
2607 2931 2829 3009 Tuam,
2876 2955 3064 3016 quam
3111 2956 3230 3018 pa-

559 3050 741 3104 terna
782 3042 849 3103 in
895 3039 1040 3104 Deo
1087 3039 1344 3103 domino
1405 3040 1713 3103 charitate
1777 3039 2250 3124 prosequimur,
2300 3062 2380 3101 ex
2426 3049 2606 3123 parte
2654 3047 2870 3102 nostra
2916 3041 3230 3103 inviseret

561 3157 627 3211 et
671 3147 989 3211 salutaret.
1082 3147 1407 3211 hortanuu·
1452 3146 1876 3210 Serenitatem
1921 3145 2124 3209 Tuam
2171 3147 2234 3209 in
2283 3144 2540 3209 domino
2587 3155 2657 3209 ut
2702 3144 3006 3209 affectum'
3037 3145 3228 3232 hujus

560 3254 753 3318 officii
802 3256 1003 3317 nostri
1048 3253 1218 3317 filiali
1269 3252 1612 3317 devotione
1661 3255 1958 3338 excipere
2012 3276 2241 3338 resque
2302 3252 2653 3317 catholicae
2711 3252 2858 3317 fidei
2909 3263 2975 3317 et
3019 3251 3231 3337 digni-

559 3368 758 3424 tatem
804 3360 990 3445 hujus
1039 3368 1295 3424 sanctae
1341 3359 1511 3423 sedis
1561 3360 1748 3423 solito
1797 3359 2020 3423 favore
2068 3359 2407 3445 complecti
2465 3381 2540 3423 ac
2596 3361 2760 3424 tueri
2807 3359 2989 3439 veliS‚
3032 3369 3228 3446 prout
3251 3368 3328 3421 25

562 3476 627 3532 te
673 3466 933 3551 dignum
982 3478 1081 3531 est
1127 3476 1191 3530 et
1237 3488 1351 3529 nos
1398 3477 1463 3530 te
1518 3467 1833 3531 facturam
1882 3489 2021 3530 esse
2068 3488 2193 3530 non
2240 3465 2621 3530 dubitamus·

301 3591 439 3647 Fbr.
477 3596 545 3646 10
740 3590 981 3656 Datum*
1027 3600 1098 3656 ut
1143 3615 1350 3677 supra.

2734 3697 3009 3763 BlosiuS.

707 3928 749 3999 1>
791 3930 903 3986 Die
940 3930 1236 4000 Ausci-dyc,
1274 3931 1467 3986 welche
1509 3931 1763 3999 Verycrio
1800 3931 1864 3984 in
1901 3931 1999 3984 der
2027 3929 2403 3985 Concilssache
2438 3929 2809 3999 iiber-brachie,
2846 3931 3071 3999 eryeben
3106 3932 3230 3985 sich

561 4048 627 4058 —
669 4019 744 4073 da
780 4020 900 4074 eine
935 4019 1219 4086 fomliche
1254 4019 1611 4074 Instruktion
1659 4020 1816 4073 nieht
1863 4019 2092 4087 vorlieqt
2131 4048 2198 4057 —
2250 4018 2538 4073 besonders
2587 4034 2692 4073 aus
2725 4036 2811 4072 nr.
2851 4023 2958 4073 132
2993 4021 3061 4073 A.
3101 4020 3230 4073 und
3249 4020 3332 4073 30

562 4112 684 4177 134,
720 4109 870 4163 auch
904 4125 1011 4163 aus
1046 4110 1199 4164 einer
1233 4109 1404 4163 Reihc
1457 4109 1637 4163 seiner
1672 4107 2108 4177 nacht‘olqenden
2157 4107 2347 4172 Briese
2396 4110 2462 4173 (z.
2502 4108 2570 4162 B.
2609 4125 2725 4162 mr.
2762 4112 2881 4163 151.
2919 4111 3074 4178 198),·
3119 4111 3226 4178 vyl.

559 4199 705 4253 auch
741 4199 831 4252 die
867 4198 1201 4268 Einleituny
1238 4199 1291 4252 S.
1331 4198 1458 4262 :2412

704 4286 746 4351 ⁵¹)
794 4284 965 4342 Unter
1003 4287 1123 4341 dem
1153 4288 1398 4355 yleichen
1435 4286 1651 4340 Datum
1687 4282 1863 4354 erliess
1900 4285 2048 4340 Paul
2083 4281 2195 4339 III
2224 4287 2369 4340 auch
2404 4303 2484 4339 an
2520 4286 2757 4340 universi
2796 4293 2855 4341 et
2889 4287 3092 4357 singuli
3132 4287 3228 4342 dic

571 4376 847 4445 Weisuny,
885 4376 991 4431 den
1028 4375 1284 4431 Nuntius
1334 4377 1433 4429 mit
1470 4376 1802 4444 Beqleituny
1848 4375 1971 4429 und
2016 4374 2242 4443 Gepcick
2289 4374 2651 4443 unqehindert
2700 4374 2822 4429 wnd
2869 4374 3228 4445 abyabenfrei

559 4466 838 4533 passieren
873 4482 944 4518 zu
981 4465 1176 4533 lusson,
1214 4465 1490 4519 ehrenvoll
1524 4464 1929 4530 aufzunehmen
1964 4464 2086 4518 und
2122 4464 2189 4517 de
2226 4463 2502 4519 victualiis
2539 4464 2794 4536 hospitiis
2830 4482 2896 4520 ac
2934 4465 3090 4535 equis
3127 4481 3223 4519 ne-
3246 4462 3328 4517 35

561 4554 812 4608 cessariis
849 4572 949 4624 pro
987 4555 1215 4609 honesto
1251 4555 1427 4625 pretio
1465 4571 1532 4609 ac
1582 4554 1650 4608 de
1688 4554 1950 4609 comitiva
2000 4560 2058 4608 et
2106 4553 2257 4608 salvo
2308 4554 2612 4621 conduct0‚
2669 4554 2713 4607 si
2770 4571 2910 4624 opus
2958 4553 3128 4609 fuerit
3162 4562 3224 4609 et

560 4642 679 4713 ipse
733 4660 829 4698 vos
884 4644 1215 4715 requisierit,
1273 4642 1507 4715 benigne
1565 4660 1632 4699 ac
1686 4649 1941 4715 prompte
1977 4642 2279 4713 providere.
2354 4640 2507 4698 Arm.
2557 4642 2628 4697 40
2681 4641 2804 4697 Vol.
2855 4642 2928 4697 50
2979 4641 3074 4698 fol.
3114 4644 3224 4699 307

560 4749 642 4789 nr.
680 4730 801 4787 324.
