3500 5300
1402 354 1502 410 No.
1540 353 1647 410 1⁴¹:
1690 354 1843 410 1536.
2844 350 2952 410 349

296 550 592 638 quoniam
638 554 701 615 et
744 548 842 614 his
887 548 1278 636 temporibus
1323 551 1558 615 vetitus
1604 548 1784 615 cibus
1829 572 1955 614 non
2002 550 2390 614 contaminat
2435 547 2785 629 hominem,
2842 549 2950 613 sed
3005 552 3144 604 1536

292 658 585 722 voluntas
630 655 805 721 illum
847 656 1131 721 sumendi
1180 664 1402 721 contra
1447 657 1708 721 ecclesie
1740 664 2126 743 preceptum,
2172 663 2234 720 et
2279 656 2786 741 concupiscentia
2830 677 2951 741 que

292 764 634 829 intrinseca
679 770 744 828 et
786 763 1010 828 intima
1056 762 1294 828 homini
1341 771 1485 828 sunt
1543 771 1605 828 et
1660 770 1895 829 exeunt
1942 764 2022 827 de
2078 763 2267 828 corde
2312 770 2375 827 et
2420 763 2674 828 demum
2720 762 2799 827 de
2844 783 2952 827 ore

291 892 408 958 per
450 873 632 957 pravi
682 871 888 957 operis
946 871 1398 935 executionem.
1490 870 1698 934 minus
1758 871 1946 934 etiam
2013 869 2285 935 detrahit
2333 870 2580 956 jejunio
2628 869 2798 957 quod
2843 868 2951 933 ha·

242 975 479 1042 5betur
523 976 607 1041 ad
652 976 972 1042 Romanos
1026 987 1102 1042 14
1136 980 1221 1061 ¹):
1270 999 1400 1040 non
1445 985 1539 1042 est
1583 998 1849 1062 regnum
1883 975 2006 1041 Dei
2054 998 2203 1042 esea
2246 983 2308 1040 et
2352 985 2570 1063 potus3
2616 984 2680 1042 et
2729 988 2784 1043 1.
2832 975 2951 1041 Co-

291 1082 478 1149 rinth.
511 1093 584 1152 8:
636 1105 780 1149 esca
824 1106 941 1148 nos
986 1105 1112 1149 non
1145 1083 1479 1148 comendat
1509 1082 1651 1147 Deo
1701 1122 1806 1165 —-,
1838 1084 2139 1170 quoniam
2185 1105 2331 1148 esca
2374 1086 2514 1170 ipsa
2558 1091 2622 1148 et
2649 1090 2853 1171 potus,
2900 1084 2953 1146 si

293 1190 467 1255 nuda
513 1189 763 1255 illorum
824 1190 1186 1255 attendatur
1245 1187 1597 1255 substantia
1642 1189 2072 1277 naturalisque
2118 1189 2428 1273 conditio,
2474 1211 2679 1277 neque
2723 1189 2806 1255 ad
2852 1211 2950 1254 ce·

293 1297 497 1362 lorum
561 1319 827 1382 regnum
888 1295 1248 1383 provehunt
1304 1318 1686 1384 quemquam
1748 1318 1864 1361 nec
1937 1296 2383 1362 comendatum
2440 1295 2581 1361 Deo
2640 1295 2951 1379 reddunt3

294 1404 406 1469 sed
436 1401 796 1468 obedientia
826 1426 949 1490 que
995 1405 1060 1467 in
1108 1401 1230 1467 eibi
1264 1411 1326 1468 et
1370 1411 1557 1489 potus
1587 1404 1981 1490 susceptione
2011 1403 2151 1468 Deo
2189 1401 2525 1468 exhibetur
2568 1409 2631 1467 et
2675 1402 2951 1484 ecclesie,

210 1511 378 1577 load
423 1532 693 1596 regnum
739 1509 865 1575 Dei
909 1532 1025 1575 nos
1071 1519 1404 1596 promovet
1448 1517 1560 1575 aut
1616 1508 2041 1575 inobedientia
2086 1510 2526 1575 mandatorum
2576 1508 2700 1575 Dei
2745 1519 2809 1575 et
2853 1531 2952 1574 ec-

297 1616 485 1682 clesie
530 1616 792 1683 abducit
837 1615 919 1681 ab
968 1639 1057 1682 eo.

474 1722 663 1805 Quod
708 1731 920 1788 autem
979 1722 1250 1788 habetur
1295 1722 1557 1809 epistola
1615 1723 1700 1787 ad
1746 1721 2121 1788 Colocenses
2149 1722 2245 1810 2);
2315 1744 2500 1789 nemo
2545 1745 2660 1788 vos
2708 1723 2956 1810 judicet

293 1832 360 1895 in
408 1829 552 1895 cibo
599 1837 710 1894 aut
753 1830 818 1893 in
864 1837 1019 1916 potu
1065 1836 1177 1893 aut
1220 1835 1399 1916 parte
1444 1829 1570 1893 diei
1615 1829 1758 1914 festi
1803 1837 1914 1894 aut
1946 1831 2271 1895 neomenie
2301 1836 2414 1895 aut
2457 1827 2821 1896 sabatorum
2851 1868 2952 1913 —,

295 1937 499 2023 accipi
550 1934 740 2001 debet
792 1936 872 2000 de
928 1938 1300 2001 ceremoniis
1346 1944 1409 2000 et
1454 1933 1680 2001 ritibus
1724 1936 1881 2021 legis
1927 1937 2245 2023 Mosayce,
2290 1936 2371 2001 ad
2427 1959 2697 2023 quarum
2744 1935 2953 2003 obser-

213 2055 277 2110 15
296 2044 616 2108 vationem
661 2044 862 2107 vetuit
907 2044 1185 2128 astringi.

473 2150 820 2233 PostremO,
868 2156 937 2215 ut
982 2149 1363 2238 quandoque
1409 2149 1553 2215 finis
1600 2149 1747 2215 huic
1778 2151 2215 2238 disceptationi
2262 2151 2641 2237 imponatur,
2688 2173 2814 2216 non
2862 2172 2954 2215 re-

296 2264 539 2343 pugnat
552 2256 796 2342 jejunio
829 2264 892 2320 et
924 2256 1208 2322 ciborum
1241 2257 1681 2344 prescriptioni
1718 2257 1886 2344 quod
1924 2257 2089 2321 dixit
2118 2257 2437 2344 apostolus
2473 2270 2526 2323 1.
2554 2257 2784 2322 Timot.
2811 2268 2848 2322 4
2879 2259 2953 2341 8);

298 2365 501 2427 omnis
546 2370 836 2427 creatura
882 2362 1004 2427 Dei
1051 2362 1220 2429 bona
1265 2371 1360 2428 est
1404 2371 1467 2428 et
1525 2363 1680 2428 nibil
1739 2364 2151 2451 rejiciendum
2198 2364 2367 2451 quod
2415 2386 2560 2428 eum
2606 2365 2954 2450 gratiarum

297 2471 546 2534 actione
575 2471 921 2556 percipitur
974 2509 1073 2553 -,
1107 2471 1406 2556 quoniam
1454 2470 1519 2534 id
1553 2477 1797 2535 tantum
1831 2473 2132 2535 astruitur
2178 2470 2335 2535 nihil
2374 2468 2786 2557 rejiciendum
2817 2478 2955 2535 tan-

206 2587 491 2666 20quam
527 2583 749 2663 suapte
782 2585 1009 2641 natura
1039 2576 1295 2659 malum,
1342 2600 1485 2642 cum
1520 2578 1723 2642 omnis
1754 2584 2047 2642 creatura
2077 2576 2199 2641 Dei
2231 2575 2400 2642 bona
2445 2579 2543 2661 sit,
2590 2578 2768 2665 quasi
2811 2599 2954 2664 pro-

296 2683 545 2772 phetico
577 2684 801 2770 spiritu
831 2686 1243 2770 prenuntians
1273 2685 1579 2771 quosdam
1619 2685 1864 2750 futuros
1894 2683 2218 2767 hereticos,
2269 2692 2339 2750 ut
2367 2684 2736 2750 Manicheos
2767 2684 2953 2750 Seve-

297 2793 508 2855 rianos
532 2793 588 2875 ⁴)
620 2790 924 2855 Tatianos
953 2800 1017 2855 et
1046 2791 1410 2856 Encratitas
1437 2790 1511 2880 ⁵),
1556 2800 1872 2857 aserturos
1902 2815 1942 2855 a
1973 2790 2269 2857 carnibus
2308 2790 2751 2856 abstinendum
2784 2791 2954 2879 quod

299 2905 527 2962 natura
573 2895 735 2962 male
781 2897 988 2961 forent
1033 2906 1097 2962 et
1139 2920 1179 2962 a
1224 2898 1390 2963 malo
1436 2896 1779 2985 principio:
1840 2905 2175 2985 propterea
2230 2897 2394 2963 dixit
2450 2898 2663 2963 omnia
2716 2897 2956 2962 munda

299 3002 569 3069 mundis.
618 3005 1035 3089 coinquinatis
1058 3012 1270 3070 autem
1295 3013 1359 3069 et
1387 3004 1748 3070 infidelibus
1781 3004 1934 3069 nihil
1958 3013 2052 3069 est
2081 3005 2420 3070 mundum:
2446 3004 2530 3069 ad
2548 3005 2774 3070 Timot.
2799 3017 2852 3069 1.
2882 3006 2953 3089 ⁶).

206 3120 279 3174 25
476 3109 667 3191 Quod
713 3118 924 3175 autem
972 3110 1279 3176 subicitur
1336 3111 1451 3176 has
1520 3113 1817 3177 nimirum
1865 3119 1929 3176 et
1972 3111 2204 3177 similes
2249 3111 2601 3199 complures
2646 3110 2956 3176 humanas

299 3217 774 3282 constitutiones
821 3239 895 3281 eo
944 3239 1142 3304 usque
1188 3218 1384 3304 ligare
1430 3218 1631 3284 donec
1675 3220 1947 3305 pecunia
1993 3216 2113 3283 sibi
2159 3217 2383 3283 harum
2430 3217 2639 3304 legum
2685 3218 2955 3303 gratiam

298 3346 338 3387 a
384 3321 803 3388 statuentibus
848 3322 1133 3388 homines
1178 3324 1531 3410 impetrent,
1578 3334 1649 3389 ut
1692 3327 1784 3390 ita
1827 3325 2098 3411 pecunia
2143 3325 2337 3390 faciat
2366 3323 2670 3390 divitibus
2714 3323 2952 3389 licitum

299 3429 468 3517 quod
516 3436 800 3493 tenemus
844 3431 1043 3514 gratis
1089 3432 1170 3496 sit
1214 3429 1600 3517 prohibitum
1652 3470 1715 3478 -
1736 3481 1753 3512 ,
1788 3431 2053 3496 nimium
2100 3421 2409 3497 invidiose
2455 3430 2780 3518 objicitur3
2825 3453 2952 3495 non

298 3537 464 3599 enim
512 3536 783 3622 pecunia
827 3534 1068 3601 licitum
1125 3537 1281 3600 facit
1340 3536 1508 3623 quod
1567 3536 1704 3623 lege
1749 3536 2174 3624 prohibitum,
2221 3538 2330 3603 sed
2379 3560 2457 3602 ea
2499 3538 2841 3603 auctoritas
2886 3537 2954 3601 li-

205 3640 493 3728 30gandi
563 3648 625 3708 et
686 3640 970 3708 solvendi
1033 3665 1154 3729 que
1201 3667 1240 3707 a
1287 3643 1426 3708 Deo
1472 3645 1601 3709 suis
1646 3645 1948 3708 ministris
2005 3642 2244 3709 tributa
2288 3652 2412 3728 est,
2471 3654 2535 3710 et
2578 3667 2654 3709 ea
2699 3642 2851 3709 boni
2894 3653 2957 3708 et

300 3748 444 3834 equi
502 3748 664 3812 ratio
728 3770 851 3835 que
912 3749 1135 3814 suadet
1180 3772 1219 3813 a
1265 3752 1518 3815 comuni
1577 3749 1715 3837 lege
1778 3752 1965 3815 certis
2025 3749 2276 3815 casibus
2331 3750 2683 3816 abscedere.
2784 3749 2954 3838 quod

296 3853 544 3940 plenius
587 3860 681 3920 est
727 3853 878 3920 alibi
926 3855 1378 3922 disserendum.

444 4105 483 4171 ¹)
520 4105 676 4161 Rem.
716 4109 785 4161 14
820 4124 867 4161 v.
903 4110 989 4160 17.

445 4193 484 4251 ’)
527 4194 723 4249 Coloss.
761 4197 801 4249 2
836 4212 882 4249 υ.
920 4198 1002 4248 16.

205 4285 279 4340 35
449 4282 488 4349 ⁸)
526 4287 557 4336 1
580 4283 811 4338 Timoth.
851 4287 885 4337 4
922 4301 967 4338 v.
1006 4287 1057 4337 4.

440 4371 483 4440 ⁴)
521 4372 1024 4443 Monophysitische
1050 4371 1202 4428 Sekte
1239 4372 1331 4427 des
1368 4376 1416 4425 6.
1437 4372 1867 4441 Jahn-hundam,
1907 4373 2148 4428 bemnnt
2183 4375 2329 4430 nach
2341 4373 2572 4430 Severus
2589 4374 2957 4429 Pau-iarchen

300 4478 403 4515 ron
443 4461 805 4515 Alexandria.

441 4550 485 4603 ⁶)
527 4551 752 4618 Tatium,
788 4552 865 4603 im
900 4555 950 4604 2.
989 4550 1386 4615 Jahrhundert,
1431 4549 1694 4605 Grander
1725 4550 2355 4620 qnostisclvasketiscloer
2390 4552 2602 4620 Sekten,
2639 4552 2739 4608 der
2765 4551 2954 4607 Tatia-

298 4655 400 4691 πω·
436 4637 568 4693 oder
604 4638 953 4694 Eukratiten.

203 4727 277 4787 40.
442 4726 483 4794 ⁶)
524 4731 555 4780 1
578 4728 680 4782 Tit.
713 4731 759 4795 1,
798 4730 867 4781 15
901 4727 1062 4794 (Rea.
1102 4733 1131 4781 1
1168 4729 1268 4782 hat
1304 4728 1503 4800 richtiq
1539 4729 1610 4783 ad
1646 4728 1856 4796 Titum,
1895 4734 2036 4785 ποτε
2071 4729 2142 4784 sd
2179 4728 2421 4797 Timet).
