<?xml version="1.0" encoding="UTF-8"?>
<!DOCTYPE html PUBLIC "-//W3C//DTD XHTML 1.0 Transitional//EN"
    "http://www.w3.org/TR/xhtml1/DTD/xhtml1-transitional.dtd">
<html xmlns="http://www.w3.org/1999/xhtml" xml:lang="en" lang="en">
 <head>
  <title>
</title>
<meta http-equiv="Content-Type" content="text/html;charset=utf-8" />
  <meta name='ocr-system' content='tesseract 3.04.00' />
  <meta name='ocr-capabilities' content='ocr_page ocr_carea ocr_par ocr_line ocrx_word'/>
</head>
<body>
  <div class='ocr_page' id='page_1' title='image "./nuntiaturberich02deugoog_1017.png"; bbox 0 0 3500 5300; ppageno 0'>
   <div class='ocr_carea' id='block_1_1' title="bbox 614 357 2302 419">
    <p class='ocr_par' dir='ltr' id='par_1_1' title="bbox 614 357 2302 419">
     <span class='ocr_line' id='line_1_1' title="bbox 614 357 2302 419; baseline -0.003 0"><span class='ocrx_word' id='word_1_1' title='bbox 614 357 725 419; x_wconf 63' lang='lat' dir='ltr'>Bm</span> <span class='ocrx_word' id='word_1_2' title='bbox 1586 360 1683 416; x_wconf 79' lang='lat' dir='ltr'>No,</span> <span class='ocrx_word' id='word_1_3' title='bbox 1727 361 1856 415; x_wconf 80' lang='lat'>105:</span> <span class='ocrx_word' id='word_1_4' title='bbox 1895 362 2034 415; x_wconf 81' lang='lat'>1538</span> <span class='ocrx_word' id='word_1_5' title='bbox 2067 360 2178 415; x_wconf 83' lang='lat' dir='ltr'>Juli</span> <span class='ocrx_word' id='word_1_6' title='bbox 2214 361 2302 414; x_wconf 79' lang='lat'>24.</span> 
     </span>
    </p>
   </div>
   <div class='ocr_carea' id='block_1_2' title="bbox 366 553 3346 4816">
    <p class='ocr_par' dir='ltr' id='par_1_2' title="bbox 366 553 3276 751">
     <span class='ocr_line' id='line_1_2' title="bbox 407 553 3276 644; baseline -0.001 -23"><span class='ocrx_word' id='word_1_7' title='bbox 407 559 550 639; x_wconf 58' lang='lat'><strong><em>15338</em></strong></span> <span class='ocrx_word' id='word_1_8' title='bbox 620 558 950 643; x_wconf 87' lang='lat' dir='ltr'>principali</span> <span class='ocrx_word' id='word_1_9' title='bbox 1010 560 1181 644; x_wconf 88' lang='lat' dir='ltr'>capi,</span> <span class='ocrx_word' id='word_1_10' title='bbox 1240 559 1305 621; x_wconf 92' lang='lat' dir='ltr'>in</span> <span class='ocrx_word' id='word_1_11' title='bbox 1364 560 1639 644; x_wconf 85' lang='lat' dir='ltr'>risposta</span> <span class='ocrx_word' id='word_1_12' title='bbox 1697 557 1780 622; x_wconf 88' lang='lat' dir='ltr'>de</span> <span class='ocrx_word' id='word_1_13' title='bbox 1839 558 2017 622; x_wconf 87' lang='lat' dir='ltr'>molti</span> <span class='ocrx_word' id='word_1_14' title='bbox 2066 559 2188 621; x_wconf 90' lang='lat' dir='ltr'>mei</span> <span class='ocrx_word' id='word_1_15' title='bbox 2235 559 2501 641; x_wconf 85' lang='lat' dir='ltr'>quesiti,</span> <span class='ocrx_word' id='word_1_16' title='bbox 2558 578 2739 621; x_wconf 89' lang='lat' dir='ltr'>come</span> <span class='ocrx_word' id='word_1_17' title='bbox 2783 553 2874 620; x_wconf 85' lang='lat' dir='ltr'>V.</span> <span class='ocrx_word' id='word_1_18' title='bbox 2922 553 2987 618; x_wconf 81' lang='lat' dir='ltr'>S.</span> <span class='ocrx_word' id='word_1_19' title='bbox 3031 555 3169 619; x_wconf 58' lang='lat' dir='ltr'>Ru·</span> <span class='ocrx_word' id='word_1_20' title='bbox 3216 565 3276 619; x_wconf 85' lang='grc'>31</span> 
     </span>
     <span class='ocr_line' id='line_1_3' title="bbox 366 625 2676 751; baseline -0 -22"><span class='ocrx_word' id='word_1_21' title='bbox 366 625 493 682; x_wconf 57' lang='lat' dir='ltr'><em>‘Iul‘</em></span> <span class='ocrx_word' id='word_1_22' title='bbox 529 633 603 682; x_wconf 76' lang='lat'>24</span> <span class='ocrx_word' id='word_1_23' title='bbox 620 663 774 729; x_wconf 57' lang='lat' dir='ltr'>Illa·</span> <span class='ocrx_word' id='word_1_24' title='bbox 817 671 999 751; x_wconf 76' lang='lat' dir='ltr'>potra</span> <span class='ocrx_word' id='word_1_25' title='bbox 1046 662 1561 750; x_wconf 82' lang='lat' dir='ltr'>conprehendere</span> <span class='ocrx_word' id='word_1_26' title='bbox 1607 664 1777 729; x_wconf 84' lang='lat' dir='ltr'>dalle</span> <span class='ocrx_word' id='word_1_27' title='bbox 1822 663 2217 730; x_wconf 79' lang='lat' dir='ltr'><strong>conclusioni</strong></span> <span class='ocrx_word' id='word_1_28' title='bbox 2264 672 2329 728; x_wconf 89' lang='lat' dir='ltr'>et</span> <span class='ocrx_word' id='word_1_29' title='bbox 2373 667 2676 750; x_wconf 84' lang='lat' dir='ltr'>risposte:</span> 
     </span>
    </p>

    <p class='ocr_par' dir='ltr' id='par_1_3' title="bbox 612 769 3346 1393">
     <span class='ocr_line' id='line_1_4' title="bbox 796 769 3275 858; baseline -0.002 -22"><span class='ocrx_word' id='word_1_30' title='bbox 796 771 934 836; x_wconf 87' lang='lat' dir='ltr'>Che</span> <span class='ocrx_word' id='word_1_31' title='bbox 981 771 1026 836; x_wconf 92' lang='lat' dir='ltr'>li</span> <span class='ocrx_word' id='word_1_32' title='bbox 1072 769 1423 836; x_wconf 88' lang='lat' dir='ltr'>Lutherani</span> <span class='ocrx_word' id='word_1_33' title='bbox 1472 772 1680 836; x_wconf 87' lang='lat' dir='ltr'>hanno</span> <span class='ocrx_word' id='word_1_34' title='bbox 1726 775 2006 858; x_wconf 87' lang='lat' dir='ltr'>pessima</span> <span class='ocrx_word' id='word_1_35' title='bbox 2051 780 2262 837; x_wconf 86' lang='lat' dir='ltr'>mente</span> <span class='ocrx_word' id='word_1_36' title='bbox 2310 779 2376 836; x_wconf 93' lang='lat' dir='ltr'>et</span> <span class='ocrx_word' id='word_1_37' title='bbox 2419 792 2544 834; x_wconf 89' lang='lat' dir='ltr'>non</span> <span class='ocrx_word' id='word_1_38' title='bbox 2591 772 2645 834; x_wconf 88' lang='lat' dir='ltr'>si</span> <span class='ocrx_word' id='word_1_39' title='bbox 2684 791 2956 833; x_wconf 81' lang='lat' dir='ltr'>moveno</span> <span class='ocrx_word' id='word_1_40' title='bbox 3003 792 3040 832; x_wconf 85' lang='lat' dir='ltr'>a</span> <span class='ocrx_word' id='word_1_41' title='bbox 3089 771 3275 832; x_wconf 84' lang='lat' dir='ltr'>ricer-</span> 
     </span>
     <span class='ocr_line' id='line_1_5' title="bbox 612 874 3272 964; baseline -0.002 -22"><span class='ocrx_word' id='word_1_42' title='bbox 612 901 757 943; x_wconf 87' lang='lat' dir='ltr'>care</span> <span class='ocrx_word' id='word_1_43' title='bbox 805 879 866 942; x_wconf 90' lang='lat' dir='ltr'>la</span> <span class='ocrx_word' id='word_1_44' title='bbox 911 878 1249 943; x_wconf 87' lang='lat' dir='ltr'>concordia</span> <span class='ocrx_word' id='word_1_45' title='bbox 1293 901 1409 964; x_wconf 88' lang='lat' dir='ltr'>per</span> <span class='ocrx_word' id='word_1_46' title='bbox 1437 878 1633 944; x_wconf 78' lang='lat' dir='ltr'>bonta</span> <span class='ocrx_word' id='word_1_47' title='bbox 1663 878 1906 956; x_wconf 84' lang='lat' dir='ltr'>alcuna,</span> <span class='ocrx_word' id='word_1_48' title='bbox 1951 900 2056 942; x_wconf 89' lang='lat' dir='ltr'>ma</span> <span class='ocrx_word' id='word_1_49' title='bbox 2084 900 2201 964; x_wconf 90' lang='lat' dir='ltr'>per</span> <span class='ocrx_word' id='word_1_50' title='bbox 2246 881 2579 956; x_wconf 69' lang='lat' dir='ltr'>necessita,</span> <span class='ocrx_word' id='word_1_51' title='bbox 2625 874 2978 941; x_wconf 85' lang='lat' dir='ltr'>vedendosi</span> <span class='ocrx_word' id='word_1_52' title='bbox 3028 877 3272 938; x_wconf 82' lang='lat' dir='ltr'>astretti</span> 
     </span>
     <span class='ocr_line' id='line_1_6' title="bbox 615 982 3346 1072; baseline -0.003 -25"><span class='ocrx_word' id='word_1_53' title='bbox 615 984 697 1049; x_wconf 98' lang='grc'>(13</span> <span class='ocrx_word' id='word_1_54' title='bbox 741 996 966 1070; x_wconf 83' lang='lat' dir='ltr'>queste</span> <span class='ocrx_word' id='word_1_55' title='bbox 1014 994 1238 1071; x_wconf 82' lang='lat' dir='ltr'>quatro</span> <span class='ocrx_word' id='word_1_56' title='bbox 1285 986 1638 1072; x_wconf 78' lang='lat' dir='ltr'>principale</span> <span class='ocrx_word' id='word_1_57' title='bbox 1684 1007 1909 1050; x_wconf 87' lang='lat' dir='ltr'>cause:</span> <span class='ocrx_word' id='word_1_58' title='bbox 1969 988 2171 1071; x_wconf 86' lang='lat' dir='ltr'>prima</span> <span class='ocrx_word' id='word_1_59' title='bbox 2231 985 2336 1050; x_wconf 81' lang='lat' dir='ltr'>dal</span> <span class='ocrx_word' id='word_1_60' title='bbox 2383 987 2606 1049; x_wconf 87' lang='lat' dir='ltr'>timore</span> <span class='ocrx_word' id='word_1_61' title='bbox 2655 983 2822 1049; x_wconf 91' lang='lat' dir='ltr'>della</span> <span class='ocrx_word' id='word_1_62' title='bbox 2866 1005 3027 1069; x_wconf 88' lang='lat' dir='ltr'>pace</span> <span class='ocrx_word' id='word_1_63' title='bbox 3077 993 3174 1046; x_wconf 83' lang='lat' dir='ltr'>tra</span> <span class='ocrx_word' id='word_1_64' title='bbox 3219 982 3272 1045; x_wconf 84' lang='lat' dir='ltr'>la</span> <span class='ocrx_word' id='word_1_65' title='bbox 3317 988 3346 1040; x_wconf 80' lang='lat'>5</span> 
     </span>
     <span class='ocr_line' id='line_1_7' title="bbox 615 1088 3274 1178; baseline -0.002 -20"><span class='ocrx_word' id='word_1_66' title='bbox 615 1092 892 1158; x_wconf 78' lang='lat' dir='ltr'>Cesarea</span> <span class='ocrx_word' id='word_1_67' title='bbox 937 1092 1191 1158; x_wconf 74' lang='lat' dir='ltr'>Maesta</span> <span class='ocrx_word' id='word_1_68' title='bbox 1238 1102 1300 1156; x_wconf 88' lang='lat' dir='ltr'>et</span> <span class='ocrx_word' id='word_1_69' title='bbox 1347 1093 1391 1157; x_wconf 89' lang='lat' dir='ltr'>il</span> <span class='ocrx_word' id='word_1_70' title='bbox 1435 1115 1503 1156; x_wconf 89' lang='lat' dir='ltr'>re</span> <span class='ocrx_word' id='word_1_71' title='bbox 1550 1091 1615 1156; x_wconf 91' lang='lat' dir='ltr'>di</span> <span class='ocrx_word' id='word_1_72' title='bbox 1664 1093 1925 1172; x_wconf 82' lang='lat' dir='ltr'>Franza,</span> <span class='ocrx_word' id='word_1_73' title='bbox 1971 1092 2288 1157; x_wconf 81' lang='lat' dir='ltr'>mediante</span> <span class='ocrx_word' id='word_1_74' title='bbox 2332 1091 2571 1178; x_wconf 88' lang='lat' dir='ltr'>l&#39;opera</span> <span class='ocrx_word' id='word_1_75' title='bbox 2616 1091 2684 1155; x_wconf 92' lang='lat' dir='ltr'>di</span> <span class='ocrx_word' id='word_1_76' title='bbox 2716 1090 2956 1154; x_wconf 85' lang='lat' dir='ltr'>Nostro</span> <span class='ocrx_word' id='word_1_77' title='bbox 2988 1088 3274 1175; x_wconf 82' lang='lat' dir='ltr'>Signore‚</span> 
     </span>
     <span class='ocr_line' id='line_1_8' title="bbox 615 1196 3274 1285; baseline -0 -24"><span class='ocrx_word' id='word_1_78' title='bbox 615 1200 677 1262; x_wconf 90' lang='grc'>13</span> <span class='ocrx_word' id='word_1_79' title='bbox 724 1199 865 1263; x_wconf 87' lang='grc'><strong>1030</strong></span> <span class='ocrx_word' id='word_1_80' title='bbox 913 1198 1079 1264; x_wconf 88' lang='grc'><strong>(13113</strong></span> <span class='ocrx_word' id='word_1_81' title='bbox 1125 1200 1310 1285; x_wconf 85' lang='lat' dir='ltr'>quale</span> <span class='ocrx_word' id='word_1_82' title='bbox 1355 1199 1631 1264; x_wconf 79' lang='lat' dir='ltr'>succede</span> <span class='ocrx_word' id='word_1_83' title='bbox 1678 1198 2010 1265; x_wconf 84' lang='lat' dir='ltr'>l’cffettual</span> <span class='ocrx_word' id='word_1_84' title='bbox 2053 1208 2275 1285; x_wconf 80' lang='lat' dir='ltr'>tregua</span> <span class='ocrx_word' id='word_1_85' title='bbox 2319 1197 2401 1263; x_wconf 87' lang='lat' dir='ltr'>dc</span> <span class='ocrx_word' id='word_1_86' title='bbox 2450 1198 2590 1263; x_wconf 90' lang='lat' dir='ltr'>deci</span> <span class='ocrx_word' id='word_1_87' title='bbox 2638 1200 2813 1277; x_wconf 85' lang='lat' dir='ltr'>anni,</span> <span class='ocrx_word' id='word_1_88' title='bbox 2858 1220 2979 1262; x_wconf 85' lang='lat' dir='ltr'>con</span> <span class='ocrx_word' id='word_1_89' title='bbox 3025 1196 3091 1261; x_wconf 85' lang='lat' dir='ltr'>la</span> <span class='ocrx_word' id='word_1_90' title='bbox 3134 1217 3274 1282; x_wconf 87' lang='lat' dir='ltr'>spe-</span> 
     </span>
     <span class='ocr_line' id='line_1_9' title="bbox 613 1303 3273 1393; baseline -0.001 -24"><span class='ocrx_word' id='word_1_91' title='bbox 613 1327 801 1369; x_wconf 86' lang='lat' dir='ltr'>ranza</span> <span class='ocrx_word' id='word_1_92' title='bbox 847 1308 1039 1369; x_wconf 86' lang='lat' dir='ltr'>etiam</span> <span class='ocrx_word' id='word_1_93' title='bbox 1102 1304 1167 1370; x_wconf 91' lang='lat' dir='ltr'>di</span> <span class='ocrx_word' id='word_1_94' title='bbox 1225 1328 1416 1392; x_wconf 88' lang='lat' dir='ltr'>pace;</span> <span class='ocrx_word' id='word_1_95' title='bbox 1477 1306 1537 1371; x_wconf 90' lang='lat' dir='ltr'>la</span> <span class='ocrx_word' id='word_1_96' title='bbox 1583 1305 1862 1371; x_wconf 87' lang='lat' dir='ltr'>seconda</span> <span class='ocrx_word' id='word_1_97' title='bbox 1905 1307 1968 1372; x_wconf 96' lang='grc'>13</span> <span class='ocrx_word' id='word_1_98' title='bbox 2012 1328 2170 1393; x_wconf 89' lang='lat' dir='ltr'>pace</span> <span class='ocrx_word' id='word_1_99' title='bbox 2217 1304 2602 1390; x_wconf 85' lang='lat' dir='ltr'>d’Ungaria3</span> <span class='ocrx_word' id='word_1_100' title='bbox 2659 1306 2722 1370; x_wconf 92' lang='grc'>13</span> <span class='ocrx_word' id='word_1_101' title='bbox 2779 1313 2954 1368; x_wconf 72' lang='grc'><strong>13133</strong></span> <span class='ocrx_word' id='word_1_102' title='bbox 2997 1303 3064 1368; x_wconf 87' lang='grc'>13</span> <span class='ocrx_word' id='word_1_103' title='bbox 3107 1304 3273 1389; x_wconf 90' lang='lat' dir='ltr'>prin-</span> 
     </span>
    </p>

    <p class='ocr_par' dir='ltr' id='par_1_4' title="bbox 492 1407 3343 1605">
     <span class='ocr_line' id='line_1_10' title="bbox 492 1407 3271 1499; baseline -0.001 -24"><span class='ocrx_word' id='word_1_104' title='bbox 492 1409 495 1410; x_wconf 53' lang='grc'>’</span> <span class='ocrx_word' id='word_1_105' title='bbox 612 1414 847 1497; x_wconf 84' lang='lat' dir='ltr'>cipiata</span> <span class='ocrx_word' id='word_1_106' title='bbox 908 1423 973 1477; x_wconf 88' lang='lat' dir='ltr'>et</span> <span class='ocrx_word' id='word_1_107' title='bbox 1030 1415 1235 1478; x_wconf 88' lang='lat' dir='ltr'>intesa</span> <span class='ocrx_word' id='word_1_108' title='bbox 1291 1414 1417 1496; x_wconf 88' lang='lat' dir='ltr'>liga</span> <span class='ocrx_word' id='word_1_109' title='bbox 1479 1423 1701 1478; x_wconf 87' lang='lat' dir='ltr'>contra</span> <span class='ocrx_word' id='word_1_110' title='bbox 1761 1413 1826 1478; x_wconf 89' lang='lat' dir='ltr'>di</span> <span class='ocrx_word' id='word_1_111' title='bbox 1886 1414 2022 1477; x_wconf 89' lang='lat' dir='ltr'>loro</span> <span class='ocrx_word' id='word_1_112' title='bbox 2083 1421 2179 1477; x_wconf 85' lang='lat' dir='ltr'>tra</span> <span class='ocrx_word' id='word_1_113' title='bbox 2239 1413 2284 1476; x_wconf 93' lang='lat' dir='ltr'>li</span> <span class='ocrx_word' id='word_1_114' title='bbox 2331 1415 2605 1499; x_wconf 86' lang='lat' dir='ltr'>principi</span> <span class='ocrx_word' id='word_1_115' title='bbox 2652 1409 2951 1477; x_wconf 76' lang='lat' dir='ltr'>catholici</span> <span class='ocrx_word' id='word_1_116' title='bbox 2998 1410 3064 1474; x_wconf 88' lang='lat' dir='ltr'>di</span> <span class='ocrx_word' id='word_1_117' title='bbox 3115 1407 3271 1473; x_wconf 89' lang='lat' dir='ltr'>Ger-</span> 
     </span>
     <span class='ocr_line' id='line_1_11' title="bbox 611 1518 3343 1605; baseline -0 -23"><span class='ocrx_word' id='word_1_118' title='bbox 611 1522 822 1583; x_wconf 83' lang='lat' dir='ltr'>mania</span> <span class='ocrx_word' id='word_1_119' title='bbox 840 1544 856 1598; x_wconf 91' lang='lat'>;</span> <span class='ocrx_word' id='word_1_120' title='bbox 903 1520 963 1583; x_wconf 86' lang='lat' dir='ltr'>la</span> <span class='ocrx_word' id='word_1_121' title='bbox 1009 1529 1234 1605; x_wconf 85' lang='lat' dir='ltr'>quarta</span> <span class='ocrx_word' id='word_1_122' title='bbox 1279 1530 1341 1584; x_wconf 88' lang='lat' dir='ltr'>et</span> <span class='ocrx_word' id='word_1_123' title='bbox 1388 1520 1609 1586; x_wconf 84' lang='lat' dir='ltr'>ultima</span> <span class='ocrx_word' id='word_1_124' title='bbox 1656 1521 1716 1586; x_wconf 90' lang='grc'>13</span> <span class='ocrx_word' id='word_1_125' title='bbox 1764 1522 2052 1605; x_wconf 82' lang='grc'><strong>31833113</strong></span> <span class='ocrx_word' id='word_1_126' title='bbox 2097 1518 2245 1584; x_wconf 92' lang='lat' dir='ltr'>dell&#39;</span> <span class='ocrx_word' id='word_1_127' title='bbox 2291 1521 2591 1584; x_wconf 87' lang='lat' dir='ltr'>iminente</span> <span class='ocrx_word' id='word_1_128' title='bbox 2638 1518 2927 1583; x_wconf 88' lang='lat' dir='ltr'>concilio.</span> <span class='ocrx_word' id='word_1_129' title='bbox 3288 1519 3343 1573; x_wconf 85' lang='lat'>1⁰</span> 
     </span>
    </p>

    <p class='ocr_par' dir='ltr' id='par_1_5' title="bbox 608 1623 3344 2568">
     <span class='ocr_line' id='line_1_12' title="bbox 791 1623 3268 1710; baseline -0.002 -19"><span class='ocrx_word' id='word_1_130' title='bbox 791 1625 927 1691; x_wconf 88' lang='lat' dir='ltr'>Che</span> <span class='ocrx_word' id='word_1_131' title='bbox 988 1626 1120 1691; x_wconf 86' lang='lat' dir='ltr'>Sua</span> <span class='ocrx_word' id='word_1_132' title='bbox 1177 1627 1432 1692; x_wconf 70' lang='lat' dir='ltr'>Maesta</span> <span class='ocrx_word' id='word_1_133' title='bbox 1490 1651 1617 1692; x_wconf 91' lang='lat' dir='ltr'>non</span> <span class='ocrx_word' id='word_1_134' title='bbox 1679 1651 1750 1693; x_wconf 87' lang='lat' dir='ltr'>sa</span> <span class='ocrx_word' id='word_1_135' title='bbox 1810 1629 1852 1691; x_wconf 89' lang='lat' dir='ltr'>il</span> <span class='ocrx_word' id='word_1_136' title='bbox 1921 1627 2018 1692; x_wconf 95' lang='lat' dir='ltr'>lor</span> <span class='ocrx_word' id='word_1_137' title='bbox 2064 1626 2385 1692; x_wconf 82' lang='lat' dir='ltr'>desiderio</span> <span class='ocrx_word' id='word_1_138' title='bbox 2455 1633 2534 1692; x_wconf 76' lang='grc'>33</span> <span class='ocrx_word' id='word_1_139' title='bbox 2593 1627 2652 1691; x_wconf 93' lang='grc'>13</span> <span class='ocrx_word' id='word_1_140' title='bbox 2711 1626 2848 1689; x_wconf 87' lang='grc'><strong>1010</strong></span> <span class='ocrx_word' id='word_1_141' title='bbox 2909 1623 3268 1710; x_wconf 77' lang='lat' dir='ltr'>particulari</span> 
     </span>
     <span class='ocr_line' id='line_1_13' title="bbox 612 1729 3270 1820; baseline -0.002 -23"><span class='ocrx_word' id='word_1_142' title='bbox 612 1733 932 1812; x_wconf 88' lang='lat' dir='ltr'>richieste,</span> <span class='ocrx_word' id='word_1_143' title='bbox 981 1743 1043 1798; x_wconf 83' lang='lat' dir='ltr'>et</span> <span class='ocrx_word' id='word_1_144' title='bbox 1090 1733 1309 1799; x_wconf 89' lang='lat' dir='ltr'>dedita</span> <span class='ocrx_word' id='word_1_145' title='bbox 1354 1757 1546 1820; x_wconf 89' lang='lat' dir='ltr'>opera</span> <span class='ocrx_word' id='word_1_146' title='bbox 1592 1757 1718 1799; x_wconf 91' lang='lat' dir='ltr'>non</span> <span class='ocrx_word' id='word_1_147' title='bbox 1764 1733 1888 1798; x_wconf 87' lang='lat' dir='ltr'>l&#39;ha</span> <span class='ocrx_word' id='word_1_148' title='bbox 1939 1734 2160 1799; x_wconf 78' lang='lat' dir='ltr'>voluto</span> <span class='ocrx_word' id='word_1_149' title='bbox 2207 1739 2284 1797; x_wconf 73' lang='grc'>33</span> <span class='ocrx_word' id='word_1_150' title='bbox 2331 1732 2476 1798; x_wconf 80' lang='lat' dir='ltr'>vole</span> <span class='ocrx_word' id='word_1_151' title='bbox 2537 1753 2792 1818; x_wconf 78' lang='lat' dir='ltr'>sapere,</span> <span class='ocrx_word' id='word_1_152' title='bbox 2850 1729 3084 1817; x_wconf 72' lang='lat' dir='ltr'>perche</span> <span class='ocrx_word' id='word_1_153' title='bbox 3130 1751 3270 1814; x_wconf 85' lang='lat' dir='ltr'>pro·</span> 
     </span>
     <span class='ocr_line' id='line_1_14' title="bbox 612 1838 3269 1925; baseline -0.002 -22"><span class='ocrx_word' id='word_1_154' title='bbox 612 1839 907 1925; x_wconf 89' lang='lat' dir='ltr'>ponendo</span> <span class='ocrx_word' id='word_1_155' title='bbox 953 1843 1075 1905; x_wconf 83' lang='lat' dir='ltr'>essi</span> <span class='ocrx_word' id='word_1_156' title='bbox 1124 1863 1273 1905; x_wconf 86' lang='lat' dir='ltr'>cose</span> <span class='ocrx_word' id='word_1_157' title='bbox 1320 1840 1650 1906; x_wconf 81' lang='lat' dir='ltr'>inhoneste</span> <span class='ocrx_word' id='word_1_158' title='bbox 1697 1863 1823 1904; x_wconf 89' lang='lat' dir='ltr'>non</span> <span class='ocrx_word' id='word_1_159' title='bbox 1872 1840 2140 1905; x_wconf 75' lang='lat' dir='ltr'>sai-ebbe</span> <span class='ocrx_word' id='word_1_160' title='bbox 2189 1841 2610 1904; x_wconf 81' lang='lat' dir='ltr'>conveniente</span> <span class='ocrx_word' id='word_1_161' title='bbox 2670 1838 2789 1904; x_wconf 85' lang='lat' dir='ltr'>che</span> <span class='ocrx_word' id='word_1_162' title='bbox 2836 1838 2925 1902; x_wconf 90' lang='lat' dir='ltr'>lui</span> <span class='ocrx_word' id='word_1_163' title='bbox 2971 1858 3269 1924; x_wconf 81' lang='lat' dir='ltr'>pregasse</span> 
     </span>
     <span class='ocr_line' id='line_1_15' title="bbox 612 1945 3270 2033; baseline -0.003 -22"><span class='ocrx_word' id='word_1_164' title='bbox 612 1947 851 2012; x_wconf 79' lang='lat' dir='ltr'>Nostro</span> <span class='ocrx_word' id='word_1_165' title='bbox 898 1945 1164 2032; x_wconf 83' lang='lat' dir='ltr'>Signore</span> <span class='ocrx_word' id='word_1_166' title='bbox 1226 1956 1291 2011; x_wconf 89' lang='lat' dir='ltr'>et</span> <span class='ocrx_word' id='word_1_167' title='bbox 1334 1948 1397 2011; x_wconf 88' lang='grc'>13</span> <span class='ocrx_word' id='word_1_168' title='bbox 1444 1947 1717 2012; x_wconf 82' lang='lat' dir='ltr'>Cesarea</span> <span class='ocrx_word' id='word_1_169' title='bbox 1763 1947 2018 2012; x_wconf 73' lang='lat' dir='ltr'>Maesta</span> <span class='ocrx_word' id='word_1_170' title='bbox 2064 1971 2102 2012; x_wconf 91' lang='lat' dir='ltr'>a</span> <span class='ocrx_word' id='word_1_171' title='bbox 2147 1948 2453 2033; x_wconf 85' lang='lat' dir='ltr'>deputare</span> <span class='ocrx_word' id='word_1_172' title='bbox 2498 1946 2910 2011; x_wconf 83' lang='lat' dir='ltr'>commissarii</span> <span class='ocrx_word' id='word_1_173' title='bbox 2966 1966 3084 2030; x_wconf 85' lang='lat' dir='ltr'>per</span> <span class='ocrx_word' id='word_1_174' title='bbox 3127 1965 3270 2027; x_wconf 84' lang='lat' dir='ltr'>spe-</span> 
     </span>
     <span class='ocr_line' id='line_1_16' title="bbox 610 2050 3344 2146; baseline -0.002 -29"><span class='ocrx_word' id='word_1_175' title='bbox 610 2076 797 2146; x_wconf 78' lang='lat' dir='ltr'>ranza</span> <span class='ocrx_word' id='word_1_176' title='bbox 857 2054 937 2118; x_wconf 91' lang='lat' dir='ltr'>de</span> <span class='ocrx_word' id='word_1_177' title='bbox 994 2054 1289 2120; x_wconf 87' lang='lat' dir='ltr'>accordio</span> <span class='ocrx_word' id='word_1_178' title='bbox 1305 2104 1321 2135; x_wconf 89' lang='lat'><strong><em>,</em></strong></span> <span class='ocrx_word' id='word_1_179' title='bbox 1383 2067 1445 2118; x_wconf 87' lang='lat' dir='ltr'>et</span> <span class='ocrx_word' id='word_1_180' title='bbox 1506 2054 1830 2141; x_wconf 85' lang='lat' dir='ltr'>pregando</span> <span class='ocrx_word' id='word_1_181' title='bbox 1885 2057 2134 2141; x_wconf 87' lang='lat' dir='ltr'>pareria</span> <span class='ocrx_word' id='word_1_182' title='bbox 2181 2053 2353 2119; x_wconf 84' lang='lat' dir='ltr'>fosse</span> <span class='ocrx_word' id='word_1_183' title='bbox 2399 2076 2524 2118; x_wconf 89' lang='lat' dir='ltr'>una</span> <span class='ocrx_word' id='word_1_184' title='bbox 2570 2054 2764 2118; x_wconf 85' lang='lat' dir='ltr'>tacita</span> <span class='ocrx_word' id='word_1_185' title='bbox 2811 2050 3344 2138; x_wconf 67' lang='lat' dir='ltr'>approbationem</span> 
     </span>
     <span class='ocr_line' id='line_1_17' title="bbox 611 2158 3268 2247; baseline -0.002 -23"><span class='ocrx_word' id='word_1_186' title='bbox 611 2160 779 2225; x_wconf 84' lang='lat' dir='ltr'>della</span> <span class='ocrx_word' id='word_1_187' title='bbox 824 2161 957 2225; x_wconf 87' lang='lat' dir='ltr'>loro</span> <span class='ocrx_word' id='word_1_188' title='bbox 1004 2162 1169 2225; x_wconf 91' lang='lat' dir='ltr'>mala</span> <span class='ocrx_word' id='word_1_189' title='bbox 1214 2161 1533 2240; x_wconf 85' lang='lat' dir='ltr'>richiesta,</span> <span class='ocrx_word' id='word_1_190' title='bbox 1580 2171 1644 2227; x_wconf 89' lang='lat' dir='ltr'>et</span> <span class='ocrx_word' id='word_1_191' title='bbox 1690 2185 1816 2225; x_wconf 90' lang='grc'>303</span> <span class='ocrx_word' id='word_1_192' title='bbox 1848 2160 2174 2247; x_wconf 85' lang='lat' dir='ltr'>pregando</span> <span class='ocrx_word' id='word_1_193' title='bbox 2204 2160 2351 2225; x_wconf 87' lang='lat' dir='ltr'>ditti</span> <span class='ocrx_word' id='word_1_194' title='bbox 2391 2161 2807 2224; x_wconf 85' lang='lat' dir='ltr'>commissarii</span> <span class='ocrx_word' id='word_1_195' title='bbox 2853 2161 2909 2221; x_wconf 89' lang='lat' dir='ltr'>si</span> <span class='ocrx_word' id='word_1_196' title='bbox 2957 2158 3268 2224; x_wconf 83' lang='lat' dir='ltr'>troncaria</span> 
     </span>
     <span class='ocr_line' id='line_1_18' title="bbox 610 2265 3268 2353; baseline 0 -24"><span class='ocrx_word' id='word_1_197' title='bbox 610 2277 773 2332; x_wconf 83' lang='lat' dir='ltr'>tutta</span> <span class='ocrx_word' id='word_1_198' title='bbox 821 2269 881 2331; x_wconf 90' lang='grc'>13</span> <span class='ocrx_word' id='word_1_199' title='bbox 928 2271 1167 2353; x_wconf 84' lang='lat' dir='ltr'>pratica</span> <span class='ocrx_word' id='word_1_200' title='bbox 1216 2268 1365 2332; x_wconf 85' lang='lat' dir='ltr'>dell’</span> <span class='ocrx_word' id='word_1_201' title='bbox 1425 2269 1726 2347; x_wconf 88' lang='lat' dir='ltr'>accordo‚</span> <span class='ocrx_word' id='word_1_202' title='bbox 1782 2290 1971 2333; x_wconf 86' lang='lat' dir='ltr'>senza</span> <span class='ocrx_word' id='word_1_203' title='bbox 2035 2268 2076 2332; x_wconf 91' lang='lat' dir='ltr'>il</span> <span class='ocrx_word' id='word_1_204' title='bbox 2123 2268 2308 2353; x_wconf 87' lang='lat' dir='ltr'>quale</span> <span class='ocrx_word' id='word_1_205' title='bbox 2354 2291 2482 2331; x_wconf 87' lang='lat' dir='ltr'>non</span> <span class='ocrx_word' id='word_1_206' title='bbox 2527 2269 2584 2330; x_wconf 90' lang='lat' dir='ltr'>si</span> <span class='ocrx_word' id='word_1_207' title='bbox 2629 2272 2758 2352; x_wconf 78' lang='lat' dir='ltr'>puo</span> <span class='ocrx_word' id='word_1_208' title='bbox 2803 2266 2945 2331; x_wconf 84' lang='lat' dir='ltr'>fare</span> <span class='ocrx_word' id='word_1_209' title='bbox 2989 2265 3268 2331; x_wconf 79' lang='lat' dir='ltr'>l’unione</span> 
     </span>
     <span class='ocr_line' id='line_1_19' title="bbox 610 2373 3269 2460; baseline 0 -24"><span class='ocrx_word' id='word_1_210' title='bbox 610 2374 671 2437; x_wconf 81' lang='lat' dir='ltr'>(li</span> <span class='ocrx_word' id='word_1_211' title='bbox 724 2373 1065 2439; x_wconf 84' lang='lat' dir='ltr'>Germania</span> <span class='ocrx_word' id='word_1_212' title='bbox 1125 2385 1343 2440; x_wconf 86' lang='lat' dir='ltr'>contra</span> <span class='ocrx_word' id='word_1_213' title='bbox 1392 2376 1435 2439; x_wconf 92' lang='lat' dir='ltr'>il</span> <span class='ocrx_word' id='word_1_214' title='bbox 1481 2377 1717 2454; x_wconf 81' lang='lat' dir='ltr'>TurcO,</span> <span class='ocrx_word' id='word_1_215' title='bbox 1777 2384 1841 2441; x_wconf 88' lang='grc'>31</span> <span class='ocrx_word' id='word_1_216' title='bbox 1897 2377 1957 2441; x_wconf 89' lang='grc'>13</span> <span class='ocrx_word' id='word_1_217' title='bbox 2004 2397 2153 2441; x_wconf 86' lang='lat' dir='ltr'>cose</span> <span class='ocrx_word' id='word_1_218' title='bbox 2213 2374 2383 2441; x_wconf 87' lang='lat' dir='ltr'>della</span> <span class='ocrx_word' id='word_1_219' title='bbox 2427 2375 2732 2458; x_wconf 87' lang='lat' dir='ltr'>religione</span> <span class='ocrx_word' id='word_1_220' title='bbox 2778 2396 3028 2460; x_wconf 86' lang='lat' dir='ltr'>sempre</span> <span class='ocrx_word' id='word_1_221' title='bbox 3076 2373 3269 2438; x_wconf 84' lang='lat' dir='ltr'>anda-</span> 
     </span>
     <span class='ocr_line' id='line_1_20' title="bbox 608 2481 1277 2568; baseline 0.003 -24"><span class='ocrx_word' id='word_1_222' title='bbox 608 2484 783 2546; x_wconf 89' lang='lat' dir='ltr'>riano</span> <span class='ocrx_word' id='word_1_223' title='bbox 829 2481 1277 2568; x_wconf 81' lang='lat' dir='ltr'>peggiorandO.</span> 
     </span>
    </p>

    <p class='ocr_par' dir='ltr' id='par_1_6' title="bbox 606 2587 3344 2998">
     <span class='ocr_line' id='line_1_21' title="bbox 785 2587 3344 2677; baseline -0.003 -23"><span class='ocrx_word' id='word_1_224' title='bbox 785 2588 923 2654; x_wconf 85' lang='lat' dir='ltr'>Che</span> <span class='ocrx_word' id='word_1_225' title='bbox 971 2588 1099 2653; x_wconf 85' lang='lat' dir='ltr'>Sua</span> <span class='ocrx_word' id='word_1_226' title='bbox 1146 2588 1399 2655; x_wconf 71' lang='lat' dir='ltr'>Maesta</span> <span class='ocrx_word' id='word_1_227' title='bbox 1456 2612 1655 2677; x_wconf 87' lang='lat' dir='ltr'>pensa</span> <span class='ocrx_word' id='word_1_228' title='bbox 1713 2590 1833 2657; x_wconf 91' lang='lat' dir='ltr'>che</span> <span class='ocrx_word' id='word_1_229' title='bbox 1877 2590 2043 2656; x_wconf 74' lang='lat' dir='ltr'>satta</span> <span class='ocrx_word' id='word_1_230' title='bbox 2086 2590 2150 2655; x_wconf 86' lang='lat' dir='ltr'>la</span> <span class='ocrx_word' id='word_1_231' title='bbox 2195 2588 2608 2676; x_wconf 82' lang='lat' dir='ltr'>deputatione</span> <span class='ocrx_word' id='word_1_232' title='bbox 2655 2588 2736 2654; x_wconf 91' lang='lat' dir='ltr'>de</span> <span class='ocrx_word' id='word_1_233' title='bbox 2783 2587 2927 2653; x_wconf 87' lang='lat' dir='ltr'>ditti</span> <span class='ocrx_word' id='word_1_234' title='bbox 2974 2589 3269 2653; x_wconf 85' lang='lat' dir='ltr'>commis-</span> <span class='ocrx_word' id='word_1_235' title='bbox 3285 2597 3344 2646; x_wconf 72' lang='lat'>‘20</span> 
     </span>
     <span class='ocr_line' id='line_1_22' title="bbox 607 2696 3266 2783; baseline -0 -23"><span class='ocrx_word' id='word_1_236' title='bbox 607 2698 754 2760; x_wconf 81' lang='lat' dir='ltr'>sarii</span> <span class='ocrx_word' id='word_1_237' title='bbox 803 2696 861 2760; x_wconf 90' lang='grc'>13</span> <span class='ocrx_word' id='word_1_238' title='bbox 908 2697 1107 2782; x_wconf 88' lang='lat' dir='ltr'>prime</span> <span class='ocrx_word' id='word_1_239' title='bbox 1154 2699 1573 2783; x_wconf 87' lang='lat' dir='ltr'>propositioni</span> <span class='ocrx_word' id='word_1_240' title='bbox 1622 2696 1813 2763; x_wconf 89' lang='lat' dir='ltr'>d&#39;essi</span> <span class='ocrx_word' id='word_1_241' title='bbox 1859 2697 2208 2762; x_wconf 88' lang='lat' dir='ltr'>Lutherani</span> <span class='ocrx_word' id='word_1_242' title='bbox 2256 2719 2524 2763; x_wconf 87' lang='lat' dir='ltr'>saranno</span> <span class='ocrx_word' id='word_1_243' title='bbox 2570 2696 2944 2762; x_wconf 85' lang='lat' dir='ltr'>totalmente</span> <span class='ocrx_word' id='word_1_244' title='bbox 2991 2696 3266 2771; x_wconf 77' lang='lat' dir='ltr'>enormi:</span> 
     </span>
     <span class='ocr_line' id='line_1_23' title="bbox 607 2802 3266 2891; baseline -0 -25"><span class='ocrx_word' id='word_1_245' title='bbox 607 2826 708 2866; x_wconf 88' lang='lat' dir='ltr'>ma</span> <span class='ocrx_word' id='word_1_246' title='bbox 755 2826 941 2889; x_wconf 82' lang='lat' dir='ltr'>spera</span> <span class='ocrx_word' id='word_1_247' title='bbox 999 2827 1115 2891; x_wconf 87' lang='lat' dir='ltr'>per</span> <span class='ocrx_word' id='word_1_248' title='bbox 1172 2804 1214 2867; x_wconf 91' lang='lat' dir='ltr'>il</span> <span class='ocrx_word' id='word_1_249' title='bbox 1260 2816 1556 2890; x_wconf 84' lang='lat' dir='ltr'>presente</span> <span class='ocrx_word' id='word_1_250' title='bbox 1603 2815 1772 2870; x_wconf 87' lang='lat' dir='ltr'>stato</span> <span class='ocrx_word' id='word_1_251' title='bbox 1819 2803 1986 2870; x_wconf 85' lang='lat' dir='ltr'>delle</span> <span class='ocrx_word' id='word_1_252' title='bbox 2032 2827 2181 2870; x_wconf 90' lang='lat' dir='ltr'>cose</span> <span class='ocrx_word' id='word_1_253' title='bbox 2228 2808 2284 2869; x_wconf 89' lang='lat' dir='ltr'>si</span> <span class='ocrx_word' id='word_1_254' title='bbox 2331 2803 2643 2870; x_wconf 87' lang='lat' dir='ltr'>redurano</span> <span class='ocrx_word' id='word_1_255' title='bbox 2691 2826 2728 2867; x_wconf 86' lang='lat' dir='ltr'>a</span> <span class='ocrx_word' id='word_1_256' title='bbox 2773 2804 3098 2888; x_wconf 85' lang='lat' dir='ltr'>maggiore</span> <span class='ocrx_word' id='word_1_257' title='bbox 3155 2802 3266 2866; x_wconf 87' lang='lat' dir='ltr'>ho-</span> 
     </span>
     <span class='ocr_line' id='line_1_24' title="bbox 606 2910 2840 2998; baseline 0.001 -26"><span class='ocrx_word' id='word_1_258' title='bbox 606 2917 802 2987; x_wconf 71' lang='lat' dir='ltr'>nesta,</span> <span class='ocrx_word' id='word_1_259' title='bbox 849 2919 911 2975; x_wconf 86' lang='lat' dir='ltr'>et</span> <span class='ocrx_word' id='word_1_260' title='bbox 960 2912 1077 2976; x_wconf 91' lang='lat' dir='ltr'>che</span> <span class='ocrx_word' id='word_1_261' title='bbox 1124 2910 1620 2976; x_wconf 87' lang='lat' dir='ltr'>dimandaranno</span> <span class='ocrx_word' id='word_1_262' title='bbox 1665 2915 1830 2976; x_wconf 87' lang='lat' dir='ltr'>assai</span> <span class='ocrx_word' id='word_1_263' title='bbox 1877 2935 1994 2998; x_wconf 88' lang='lat' dir='ltr'>per</span> <span class='ocrx_word' id='word_1_264' title='bbox 2038 2914 2310 2977; x_wconf 88' lang='lat' dir='ltr'>ottenire</span> <span class='ocrx_word' id='word_1_265' title='bbox 2356 2910 2625 2996; x_wconf 90' lang='lat' dir='ltr'>qualche</span> <span class='ocrx_word' id='word_1_266' title='bbox 2671 2932 2840 2976; x_wconf 83' lang='lat' dir='ltr'>cosa.</span> 
     </span>
    </p>

    <p class='ocr_par' dir='ltr' id='par_1_7' title="bbox 599 3016 3336 4816">
     <span class='ocr_line' id='line_1_25' title="bbox 784 3016 3262 3105; baseline 0 -25"><span class='ocrx_word' id='word_1_267' title='bbox 784 3017 919 3081; x_wconf 86' lang='lat' dir='ltr'>Che</span> <span class='ocrx_word' id='word_1_268' title='bbox 968 3018 1234 3103; x_wconf 87' lang='lat' dir='ltr'>bisogna</span> <span class='ocrx_word' id='word_1_269' title='bbox 1279 3018 1397 3085; x_wconf 90' lang='lat' dir='ltr'>che</span> <span class='ocrx_word' id='word_1_270' title='bbox 1453 3028 1678 3104; x_wconf 89' lang='lat' dir='ltr'>questo</span> <span class='ocrx_word' id='word_1_271' title='bbox 1737 3021 1993 3105; x_wconf 86' lang='lat' dir='ltr'>negotio</span> <span class='ocrx_word' id='word_1_272' title='bbox 2041 3020 2135 3084; x_wconf 85' lang='lat' dir='ltr'>sia</span> <span class='ocrx_word' id='word_1_273' title='bbox 2178 3027 2440 3083; x_wconf 83' lang='lat' dir='ltr'>trattato</span> <span class='ocrx_word' id='word_1_274' title='bbox 2487 3040 2610 3084; x_wconf 88' lang='lat' dir='ltr'>con</span> <span class='ocrx_word' id='word_1_275' title='bbox 2652 3016 3074 3103; x_wconf 86' lang='lat' dir='ltr'>grandissima</span> <span class='ocrx_word' id='word_1_276' title='bbox 3119 3016 3262 3081; x_wconf 82' lang='lat' dir='ltr'>des-</span> 
     </span>
     <span class='ocr_line' id='line_1_26' title="bbox 604 3121 3336 3211; baseline 0 -24"><span class='ocrx_word' id='word_1_277' title='bbox 604 3127 790 3188; x_wconf 79' lang='lat' dir='ltr'>terita</span> <span class='ocrx_word' id='word_1_278' title='bbox 840 3124 1238 3190; x_wconf 86' lang='lat' dir='ltr'>contenendo</span> <span class='ocrx_word' id='word_1_279' title='bbox 1283 3126 1328 3189; x_wconf 90' lang='lat' dir='ltr'>li</span> <span class='ocrx_word' id='word_1_280' title='bbox 1361 3125 1713 3190; x_wconf 87' lang='lat' dir='ltr'>Lutherani</span> <span class='ocrx_word' id='word_1_281' title='bbox 1759 3127 1926 3190; x_wconf 86' lang='lat' dir='ltr'>inter</span> <span class='ocrx_word' id='word_1_282' title='bbox 1971 3148 2148 3211; x_wconf 88' lang='lat' dir='ltr'>spem</span> <span class='ocrx_word' id='word_1_283' title='bbox 2198 3135 2261 3188; x_wconf 86' lang='lat' dir='ltr'>et</span> <span class='ocrx_word' id='word_1_284' title='bbox 2309 3132 2564 3203; x_wconf 87' lang='lat' dir='ltr'>metum,</span> <span class='ocrx_word' id='word_1_285' title='bbox 2610 3146 2727 3210; x_wconf 87' lang='lat' dir='ltr'>per</span> <span class='ocrx_word' id='word_1_286' title='bbox 2755 3145 2882 3187; x_wconf 90' lang='lat' dir='ltr'>non</span> <span class='ocrx_word' id='word_1_287' title='bbox 2915 3121 3258 3210; x_wconf 85' lang='lat' dir='ltr'>desperarli</span> <span class='ocrx_word' id='word_1_288' title='bbox 3277 3128 3336 3181; x_wconf 61' lang='grc' dir='ltr'>ἓξ)</span> 
     </span>
     <span class='ocr_line' id='line_1_27' title="bbox 605 3229 3258 3318; baseline -0 -25"><span class='ocrx_word' id='word_1_289' title='bbox 605 3242 666 3294; x_wconf 73' lang='lat' dir='ltr'>et</span> <span class='ocrx_word' id='word_1_290' title='bbox 716 3254 828 3317; x_wconf 88' lang='lat' dir='ltr'>per</span> <span class='ocrx_word' id='word_1_291' title='bbox 876 3254 1000 3297; x_wconf 89' lang='lat' dir='ltr'>non</span> <span class='ocrx_word' id='word_1_292' title='bbox 1047 3231 1187 3297; x_wconf 85' lang='lat' dir='ltr'>farli</span> <span class='ocrx_word' id='word_1_293' title='bbox 1237 3241 1464 3318; x_wconf 88' lang='lat' dir='ltr'>troppo</span> <span class='ocrx_word' id='word_1_294' title='bbox 1509 3233 1845 3316; x_wconf 85' lang='lat' dir='ltr'>arroganti.</span> <span class='ocrx_word' id='word_1_295' title='bbox 1937 3240 2003 3296; x_wconf 90' lang='grc'>31</span> <span class='ocrx_word' id='word_1_296' title='bbox 2045 3237 2201 3317; x_wconf 76' lang='lat' dir='ltr'>pero</span> <span class='ocrx_word' id='word_1_297' title='bbox 2247 3255 2375 3296; x_wconf 90' lang='lat' dir='ltr'>non</span> <span class='ocrx_word' id='word_1_298' title='bbox 2419 3233 2601 3318; x_wconf 89' lang='lat' dir='ltr'>piace</span> <span class='ocrx_word' id='word_1_299' title='bbox 2647 3231 2770 3295; x_wconf 87' lang='lat' dir='ltr'>alla</span> <span class='ocrx_word' id='word_1_300' title='bbox 2825 3229 3080 3295; x_wconf 68' lang='lat' dir='ltr'>Maesta</span> <span class='ocrx_word' id='word_1_301' title='bbox 3135 3230 3258 3294; x_wconf 84' lang='lat' dir='ltr'>Sua</span> 
     </span>
     <span class='ocr_line' id='line_1_28' title="bbox 603 3334 3261 3424; baseline -0.001 -22"><span class='ocrx_word' id='word_1_302' title='bbox 603 3339 663 3403; x_wconf 82' lang='lat' dir='ltr'>la</span> <span class='ocrx_word' id='word_1_303' title='bbox 712 3338 1120 3424; x_wconf 82' lang='lat' dir='ltr'>deputatione</span> <span class='ocrx_word' id='word_1_304' title='bbox 1168 3338 1275 3404; x_wconf 90' lang='lat' dir='ltr'>del</span> <span class='ocrx_word' id='word_1_305' title='bbox 1306 3339 1434 3403; x_wconf 62' lang='grc' dir='ltr'>ΒΜ</span> <span class='ocrx_word' id='word_1_306' title='bbox 1466 3334 1871 3404; x_wconf 89' lang='lat' dir='ltr'>Brondusino</span> <span class='ocrx_word' id='word_1_307' title='bbox 1917 3340 2053 3405; x_wconf 90' lang='lat' dir='ltr'>solo</span> <span class='ocrx_word' id='word_1_308' title='bbox 2100 3362 2138 3404; x_wconf 89' lang='lat' dir='ltr'>a</span> <span class='ocrx_word' id='word_1_309' title='bbox 2169 3348 2395 3424; x_wconf 87' lang='lat' dir='ltr'>questo</span> <span class='ocrx_word' id='word_1_310' title='bbox 2441 3346 2719 3415; x_wconf 85' lang='grc'><strong>11311310,</strong></span> <span class='ocrx_word' id='word_1_311' title='bbox 2767 3337 3001 3423; x_wconf 68' lang='lat' dir='ltr'>perche</span> <span class='ocrx_word' id='word_1_312' title='bbox 3032 3359 3117 3414; x_wconf 87' lang='lat' dir='ltr'>sa,</span> <span class='ocrx_word' id='word_1_313' title='bbox 3147 3359 3261 3423; x_wconf 89' lang='lat' dir='ltr'>per</span> 
     </span>
     <span class='ocr_line' id='line_1_29' title="bbox 604 3443 3260 3531; baseline -0 -24"><span class='ocrx_word' id='word_1_314' title='bbox 604 3468 789 3511; x_wconf 81' lang='lat' dir='ltr'>usare</span> <span class='ocrx_word' id='word_1_315' title='bbox 848 3447 907 3510; x_wconf 90' lang='lat' dir='ltr'>le</span> <span class='ocrx_word' id='word_1_316' title='bbox 967 3468 1079 3509; x_wconf 89' lang='lat' dir='ltr'>sue</span> <span class='ocrx_word' id='word_1_317' title='bbox 1138 3447 1388 3531; x_wconf 85' lang='lat' dir='ltr'>parole,</span> <span class='ocrx_word' id='word_1_318' title='bbox 1456 3446 1574 3509; x_wconf 86' lang='lat' dir='ltr'>che</span> <span class='ocrx_word' id='word_1_319' title='bbox 1634 3446 1677 3509; x_wconf 92' lang='lat' dir='ltr'>li</span> <span class='ocrx_word' id='word_1_320' title='bbox 1742 3445 2090 3511; x_wconf 87' lang='lat' dir='ltr'>Lutherani</span> <span class='ocrx_word' id='word_1_321' title='bbox 2150 3446 2644 3510; x_wconf 86' lang='lat' dir='ltr'>l&#39;abhorriscano</span> <span class='ocrx_word' id='word_1_322' title='bbox 2705 3453 2768 3507; x_wconf 82' lang='lat' dir='ltr'>et</span> <span class='ocrx_word' id='word_1_323' title='bbox 2815 3466 2968 3529; x_wconf 83' lang='lat' dir='ltr'>pare</span> <span class='ocrx_word' id='word_1_324' title='bbox 3036 3446 3126 3507; x_wconf 86' lang='lat' dir='ltr'>sia</span> <span class='ocrx_word' id='word_1_325' title='bbox 3173 3443 3260 3507; x_wconf 86' lang='lat' dir='ltr'>al-</span> 
     </span>
     <span class='ocr_line' id='line_1_30' title="bbox 603 3546 3255 3638; baseline -0.002 -22"><span class='ocrx_word' id='word_1_326' title='bbox 603 3561 842 3637; x_wconf 86' lang='lat' dir='ltr'>quanto</span> <span class='ocrx_word' id='word_1_327' title='bbox 889 3555 996 3638; x_wconf 74' lang='lat' dir='ltr'>pin</span> <span class='ocrx_word' id='word_1_328' title='bbox 1046 3554 1333 3638; x_wconf 81' lang='lat' dir='ltr'>capitoso</span> <span class='ocrx_word' id='word_1_329' title='bbox 1381 3564 1442 3616; x_wconf 90' lang='lat' dir='ltr'>et</span> <span class='ocrx_word' id='word_1_330' title='bbox 1491 3551 1812 3617; x_wconf 88' lang='lat' dir='ltr'>obstinato</span> <span class='ocrx_word' id='word_1_331' title='bbox 1861 3546 1964 3617; x_wconf 87' lang='lat' dir='ltr'>del</span> <span class='ocrx_word' id='word_1_332' title='bbox 2012 3553 2281 3637; x_wconf 86' lang='lat' dir='ltr'>bisogno</span> <span class='ocrx_word' id='word_1_333' title='bbox 2327 3575 2444 3638; x_wconf 90' lang='lat' dir='ltr'>per</span> <span class='ocrx_word' id='word_1_334' title='bbox 2488 3560 2712 3637; x_wconf 86' lang='lat' dir='ltr'>questa</span> <span class='ocrx_word' id='word_1_335' title='bbox 2760 3550 3120 3615; x_wconf 83' lang='lat' dir='ltr'>concordia.</span> <span class='ocrx_word' id='word_1_336' title='bbox 3197 3562 3255 3612; x_wconf 80' lang='lat' dir='ltr'>et</span> 
     </span>
     <span class='ocr_line' id='line_1_31' title="bbox 603 3656 3331 3747; baseline -0.001 -25"><span class='ocrx_word' id='word_1_337' title='bbox 603 3661 777 3743; x_wconf 88' lang='lat' dir='ltr'>quivi</span> <span class='ocrx_word' id='word_1_338' title='bbox 828 3658 957 3724; x_wconf 85' lang='lat' dir='ltr'>Sua</span> <span class='ocrx_word' id='word_1_339' title='bbox 1003 3660 1255 3724; x_wconf 73' lang='lat' dir='ltr'>Maesta</span> <span class='ocrx_word' id='word_1_340' title='bbox 1302 3662 1614 3725; x_wconf 77' lang='lat' dir='ltr'>comincio</span> <span class='ocrx_word' id='word_1_341' title='bbox 1660 3660 1924 3725; x_wconf 82' lang='lat' dir='ltr'>volermi</span> <span class='ocrx_word' id='word_1_342' title='bbox 1982 3659 2368 3747; x_wconf 89' lang='lat' dir='ltr'>persuadere</span> <span class='ocrx_word' id='word_1_343' title='bbox 2423 3657 2586 3723; x_wconf 86' lang='lat' dir='ltr'>che&#39;l</span> <span class='ocrx_word' id='word_1_344' title='bbox 2647 3656 2949 3721; x_wconf 85' lang='lat' dir='ltr'>mandato</span> <span class='ocrx_word' id='word_1_345' title='bbox 2996 3656 3331 3721; x_wconf 70' lang='lat' dir='ltr'>sarehbeao</span> 
     </span>
     <span class='ocr_line' id='line_1_32' title="bbox 602 3762 3257 3851; baseline 0 -21"><span class='ocrx_word' id='word_1_346' title='bbox 602 3773 770 3831; x_wconf 88' lang='lat' dir='ltr'>stato</span> <span class='ocrx_word' id='word_1_347' title='bbox 830 3769 1021 3831; x_wconf 90' lang='lat' dir='ltr'>etiam</span> <span class='ocrx_word' id='word_1_348' title='bbox 1084 3768 1147 3830; x_wconf 92' lang='lat' dir='ltr'>in</span> <span class='ocrx_word' id='word_1_349' title='bbox 1208 3789 1308 3830; x_wconf 90' lang='lat' dir='ltr'>me</span> <span class='ocrx_word' id='word_1_350' title='bbox 1366 3786 1546 3830; x_wconf 90' lang='lat' dir='ltr'>come</span> <span class='ocrx_word' id='word_1_351' title='bbox 1604 3769 1832 3832; x_wconf 88' lang='lat' dir='ltr'>nuntio</span> <span class='ocrx_word' id='word_1_352' title='bbox 1891 3765 2227 3832; x_wconf 88' lang='lat' dir='ltr'>ordinario.</span> <span class='ocrx_word' id='word_1_353' title='bbox 2318 3767 2380 3832; x_wconf 88' lang='lat' dir='ltr'>la</span> <span class='ocrx_word' id='word_1_354' title='bbox 2424 3765 2573 3851; x_wconf 89' lang='lat' dir='ltr'>qual</span> <span class='ocrx_word' id='word_1_355' title='bbox 2619 3786 2772 3829; x_wconf 89' lang='lat' dir='ltr'>cosa.</span> <span class='ocrx_word' id='word_1_356' title='bbox 2817 3786 2946 3828; x_wconf 90' lang='lat' dir='ltr'>non</span> <span class='ocrx_word' id='word_1_357' title='bbox 2991 3762 3257 3831; x_wconf 76' lang='lat' dir='ltr'>essendo</span> 
     </span>
     <span class='ocr_line' id='line_1_33' title="bbox 601 3869 3256 3959; baseline -0.001 -24"><span class='ocrx_word' id='word_1_358' title='bbox 601 3873 1050 3956; x_wconf 79' lang='lat' dir='ltr'>raggionevole</span> <span class='ocrx_word' id='word_1_359' title='bbox 1108 3896 1225 3958; x_wconf 91' lang='lat' dir='ltr'>per</span> <span class='ocrx_word' id='word_1_360' title='bbox 1279 3873 1459 3938; x_wconf 85' lang='lat' dir='ltr'>molti</span> <span class='ocrx_word' id='word_1_361' title='bbox 1518 3875 1770 3959; x_wconf 89' lang='lat' dir='ltr'>rispetti</span> <span class='ocrx_word' id='word_1_362' title='bbox 1830 3895 1960 3938; x_wconf 91' lang='lat' dir='ltr'>non</span> <span class='ocrx_word' id='word_1_363' title='bbox 2004 3873 2077 3937; x_wconf 85' lang='lat' dir='ltr'>fu</span> <span class='ocrx_word' id='word_1_364' title='bbox 2123 3872 2206 3937; x_wconf 91' lang='lat' dir='ltr'>da</span> <span class='ocrx_word' id='word_1_365' title='bbox 2251 3895 2352 3937; x_wconf 91' lang='lat' dir='ltr'>me</span> <span class='ocrx_word' id='word_1_366' title='bbox 2398 3879 2476 3937; x_wconf 73' lang='lat' dir='ltr'>ne</span> <span class='ocrx_word' id='word_1_367' title='bbox 2533 3872 2696 3936; x_wconf 55' lang='grc'><strong>(1313</strong></span> <span class='ocrx_word' id='word_1_368' title='bbox 2743 3893 2956 3937; x_wconf 84' lang='lat' dir='ltr'>essere</span> <span class='ocrx_word' id='word_1_369' title='bbox 3004 3870 3086 3937; x_wconf 85' lang='lat' dir='ltr'>da</span> <span class='ocrx_word' id='word_1_370' title='bbox 3129 3869 3256 3934; x_wconf 83' lang='lat' dir='ltr'>Sua</span> 
     </span>
     <span class='ocr_line' id='line_1_34' title="bbox 602 3978 3256 4067; baseline -0.002 -21"><span class='ocrx_word' id='word_1_371' title='bbox 602 3978 849 4046; x_wconf 76' lang='lat' dir='ltr'>Santita</span> <span class='ocrx_word' id='word_1_372' title='bbox 894 3979 1204 4058; x_wconf 85' lang='lat' dir='ltr'>admessa,</span> <span class='ocrx_word' id='word_1_373' title='bbox 1251 3990 1317 4067; x_wconf 84' lang='lat' dir='ltr'>et</span> <span class='ocrx_word' id='word_1_374' title='bbox 1360 3981 1416 4044; x_wconf 87' lang='lat' dir='ltr'>si</span> <span class='ocrx_word' id='word_1_375' title='bbox 1461 4001 1626 4046; x_wconf 89' lang='lat' dir='ltr'>vene</span> <span class='ocrx_word' id='word_1_376' title='bbox 1672 3982 1739 4044; x_wconf 90' lang='lat' dir='ltr'>in</span> <span class='ocrx_word' id='word_1_377' title='bbox 1785 3990 2012 4066; x_wconf 84' lang='lat' dir='ltr'>questa</span> <span class='ocrx_word' id='word_1_378' title='bbox 2059 3982 2357 4067; x_wconf 89' lang='lat' dir='ltr'>opinione</span> <span class='ocrx_word' id='word_1_379' title='bbox 2403 3979 2524 4045; x_wconf 87' lang='lat' dir='ltr'>che</span> <span class='ocrx_word' id='word_1_380' title='bbox 2570 4001 2748 4044; x_wconf 90' lang='lat' dir='ltr'>come</span> <span class='ocrx_word' id='word_1_381' title='bbox 2795 3979 2843 4042; x_wconf 89' lang='lat' dir='ltr'>il</span> <span class='ocrx_word' id='word_1_382' title='bbox 2887 3978 3018 4043; x_wconf 72' lang='lat' dir='ltr'><strong>R¹³⁰</strong></span> <span class='ocrx_word' id='word_1_383' title='bbox 3059 3978 3256 4043; x_wconf 90' lang='lat' dir='ltr'>Bron-</span> 
     </span>
     <span class='ocr_line' id='line_1_35' title="bbox 603 4085 3256 4172; baseline -0.001 -19"><span class='ocrx_word' id='word_1_384' title='bbox 603 4085 832 4153; x_wconf 78' lang='lat' dir='ltr'>dusino</span> <span class='ocrx_word' id='word_1_385' title='bbox 895 4108 1002 4153; x_wconf 88' lang='lat' dir='ltr'>era</span> <span class='ocrx_word' id='word_1_386' title='bbox 1060 4095 1192 4151; x_wconf 85' lang='lat' dir='ltr'>atto</span> <span class='ocrx_word' id='word_1_387' title='bbox 1251 4109 1367 4172; x_wconf 89' lang='lat' dir='ltr'>per</span> <span class='ocrx_word' id='word_1_388' title='bbox 1424 4095 1765 4152; x_wconf 85' lang='lat' dir='ltr'>contenere</span> <span class='ocrx_word' id='word_1_389' title='bbox 1824 4085 1972 4152; x_wconf 86' lang='lat' dir='ltr'>ditti</span> <span class='ocrx_word' id='word_1_390' title='bbox 2018 4086 2369 4152; x_wconf 87' lang='lat' dir='ltr'>Lutherani</span> <span class='ocrx_word' id='word_1_391' title='bbox 2417 4089 2480 4151; x_wconf 92' lang='lat' dir='ltr'>in</span> <span class='ocrx_word' id='word_1_392' title='bbox 2528 4096 2729 4165; x_wconf 87' lang='lat' dir='ltr'>metu,</span> <span class='ocrx_word' id='word_1_393' title='bbox 2785 4092 2923 4151; x_wconf 76' lang='lat' dir='ltr'>cosi</span> <span class='ocrx_word' id='word_1_394' title='bbox 2982 4108 3088 4151; x_wconf 84' lang='lat' dir='ltr'>era</span> <span class='ocrx_word' id='word_1_395' title='bbox 3131 4108 3256 4150; x_wconf 90' lang='lat' dir='ltr'>non</span> 
     </span>
     <span class='ocr_line' id='line_1_36' title="bbox 601 4191 3327 4280; baseline 0 -23"><span class='ocrx_word' id='word_1_396' title='bbox 601 4194 738 4257; x_wconf 84' lang='lat' dir='ltr'>solo</span> <span class='ocrx_word' id='word_1_397' title='bbox 800 4192 1189 4278; x_wconf 81' lang='lat' dir='ltr'>espediente,</span> <span class='ocrx_word' id='word_1_398' title='bbox 1251 4215 1354 4258; x_wconf 90' lang='lat' dir='ltr'>ma</span> <span class='ocrx_word' id='word_1_399' title='bbox 1411 4196 1773 4258; x_wconf 88' lang='lat' dir='ltr'>necessario</span> <span class='ocrx_word' id='word_1_400' title='bbox 1828 4197 2213 4280; x_wconf 87' lang='lat' dir='ltr'>aggiongere</span> <span class='ocrx_word' id='word_1_401' title='bbox 2260 4192 2367 4258; x_wconf 86' lang='lat' dir='ltr'>un&#39;</span> <span class='ocrx_word' id='word_1_402' title='bbox 2425 4194 2585 4258; x_wconf 85' lang='lat' dir='ltr'>altro</span> <span class='ocrx_word' id='word_1_403' title='bbox 2645 4216 2683 4257; x_wconf 87' lang='grc'>3</span> <span class='ocrx_word' id='word_1_404' title='bbox 2741 4192 2830 4257; x_wconf 88' lang='grc'>131</span> <span class='ocrx_word' id='word_1_405' title='bbox 2896 4193 3118 4278; x_wconf 78' lang='lat' dir='ltr'>egualo</span> <span class='ocrx_word' id='word_1_406' title='bbox 3177 4191 3327 4257; x_wconf 81' lang='grc'><strong>(1335</strong></span> 
     </span>
     <span class='ocr_line' id='line_1_37' title="bbox 600 4298 3252 4386; baseline -0.001 -23"><span class='ocrx_word' id='word_1_407' title='bbox 600 4299 845 4384; x_wconf 71' lang='lat' dir='ltr'>dignita</span> <span class='ocrx_word' id='word_1_408' title='bbox 890 4309 955 4363; x_wconf 89' lang='lat' dir='ltr'>et</span> <span class='ocrx_word' id='word_1_409' title='bbox 1001 4298 1081 4364; x_wconf 91' lang='lat' dir='ltr'>de</span> <span class='ocrx_word' id='word_1_410' title='bbox 1128 4302 1415 4379; x_wconf 88' lang='lat' dir='ltr'>scientia,</span> <span class='ocrx_word' id='word_1_411' title='bbox 1461 4300 1608 4386; x_wconf 87' lang='lat' dir='ltr'>qual</span> <span class='ocrx_word' id='word_1_412' title='bbox 1654 4299 1831 4365; x_wconf 81' lang='lat' dir='ltr'>fosse</span> <span class='ocrx_word' id='word_1_413' title='bbox 1877 4322 2102 4367; x_wconf 88' lang='lat' dir='ltr'>manco</span> <span class='ocrx_word' id='word_1_414' title='bbox 2149 4300 2274 4365; x_wconf 87' lang='lat' dir='ltr'>mal</span> <span class='ocrx_word' id='word_1_415' title='bbox 2321 4301 2539 4365; x_wconf 79' lang='lat' dir='ltr'>voluto</span> <span class='ocrx_word' id='word_1_416' title='bbox 2586 4300 2668 4366; x_wconf 90' lang='lat' dir='ltr'>da</span> <span class='ocrx_word' id='word_1_417' title='bbox 2717 4303 2842 4365; x_wconf 87' lang='lat' dir='ltr'>essi</span> <span class='ocrx_word' id='word_1_418' title='bbox 2889 4300 3252 4375; x_wconf 83' lang='lat' dir='ltr'>Lutherani‚</span> 
     </span>
     <span class='ocr_line' id='line_1_38' title="bbox 599 4404 3250 4491; baseline -0.001 -20"><span class='ocrx_word' id='word_1_419' title='bbox 599 4428 780 4471; x_wconf 86' lang='lat' dir='ltr'>come</span> <span class='ocrx_word' id='word_1_420' title='bbox 829 4406 1095 4473; x_wconf 87' lang='lat' dir='ltr'>sarebbe</span> <span class='ocrx_word' id='word_1_421' title='bbox 1142 4407 1188 4470; x_wconf 93' lang='lat' dir='ltr'>il</span> <span class='ocrx_word' id='word_1_422' title='bbox 1233 4407 1362 4471; x_wconf 87' lang='lat' dir='ltr'><strong>R¹¹¹⁰</strong></span> <span class='ocrx_word' id='word_1_423' title='bbox 1407 4405 1709 4470; x_wconf 87' lang='lat' dir='ltr'>Sadoleto</span> <span class='ocrx_word' id='word_1_424' title='bbox 1758 4429 1796 4470; x_wconf 92' lang='lat' dir='ltr'>o</span> <span class='ocrx_word' id='word_1_425' title='bbox 1843 4409 1888 4471; x_wconf 90' lang='lat' dir='ltr'>il</span> <span class='ocrx_word' id='word_1_426' title='bbox 1936 4408 2297 4473; x_wconf 88' lang='lat' dir='ltr'>Contareno</span> <span class='ocrx_word' id='word_1_427' title='bbox 2345 4429 2383 4469; x_wconf 93' lang='lat' dir='ltr'>o</span> <span class='ocrx_word' id='word_1_428' title='bbox 2430 4407 2570 4472; x_wconf 84' lang='lat' dir='ltr'>altri</span> <span class='ocrx_word' id='word_1_429' title='bbox 2618 4407 2844 4487; x_wconf 89' lang='lat' dir='ltr'>simili,</span> <span class='ocrx_word' id='word_1_430' title='bbox 2891 4406 3040 4472; x_wconf 88' lang='lat' dir='ltr'>delli</span> <span class='ocrx_word' id='word_1_431' title='bbox 3084 4404 3250 4491; x_wconf 81' lang='lat' dir='ltr'>quali</span> 
     </span>
     <span class='ocr_line' id='line_1_39' title="bbox 600 4510 3250 4599; baseline -0 -22"><span class='ocrx_word' id='word_1_432' title='bbox 600 4512 731 4579; x_wconf 85' lang='lat' dir='ltr'>Sua</span> <span class='ocrx_word' id='word_1_433' title='bbox 777 4510 1027 4577; x_wconf 77' lang='lat' dir='ltr'>Santita</span> <span class='ocrx_word' id='word_1_434' title='bbox 1073 4513 1154 4577; x_wconf 89' lang='lat' dir='ltr'>ha</span> <span class='ocrx_word' id='word_1_435' title='bbox 1200 4513 1481 4598; x_wconf 76' lang='lat' dir='ltr'>perfetta</span> <span class='ocrx_word' id='word_1_436' title='bbox 1526 4516 1908 4597; x_wconf 85' lang='lat' dir='ltr'>cognitione,</span> <span class='ocrx_word' id='word_1_437' title='bbox 1954 4514 2212 4580; x_wconf 71' lang='lat' dir='ltr'>acioche</span> <span class='ocrx_word' id='word_1_438' title='bbox 2257 4516 2312 4579; x_wconf 91' lang='lat' dir='ltr'>si</span> <span class='ocrx_word' id='word_1_439' title='bbox 2360 4536 2550 4599; x_wconf 86' lang='lat' dir='ltr'>possa</span> <span class='ocrx_word' id='word_1_440' title='bbox 2593 4536 2850 4599; x_wconf 87' lang='lat' dir='ltr'>sperare</span> <span class='ocrx_word' id='word_1_441' title='bbox 2895 4515 3062 4579; x_wconf 77' lang='lat' dir='ltr'>bona</span> <span class='ocrx_word' id='word_1_442' title='bbox 3102 4535 3250 4578; x_wconf 91' lang='lat' dir='ltr'>con-</span> 
     </span>
     <span class='ocr_line' id='line_1_40' title="bbox 599 4617 3244 4707; baseline -0 -23"><span class='ocrx_word' id='word_1_443' title='bbox 599 4620 914 4698; x_wconf 87' lang='lat' dir='ltr'>clusione,</span> <span class='ocrx_word' id='word_1_444' title='bbox 973 4619 1035 4685; x_wconf 91' lang='lat' dir='ltr'>la</span> <span class='ocrx_word' id='word_1_445' title='bbox 1090 4620 1275 4707; x_wconf 90' lang='lat' dir='ltr'>quale</span> <span class='ocrx_word' id='word_1_446' title='bbox 1333 4642 1457 4683; x_wconf 91' lang='lat' dir='ltr'>non</span> <span class='ocrx_word' id='word_1_447' title='bbox 1517 4620 1681 4685; x_wconf 79' lang='lat' dir='ltr'>deve</span> <span class='ocrx_word' id='word_1_448' title='bbox 1736 4643 2028 4686; x_wconf 86' lang='lat' dir='ltr'>mancare</span> <span class='ocrx_word' id='word_1_449' title='bbox 2076 4644 2190 4706; x_wconf 88' lang='lat' dir='ltr'>per</span> <span class='ocrx_word' id='word_1_450' title='bbox 2242 4621 2304 4686; x_wconf 87' lang='lat' dir='ltr'>la</span> <span class='ocrx_word' id='word_1_451' title='bbox 2359 4620 2590 4686; x_wconf 85' lang='lat' dir='ltr'>dureza</span> <span class='ocrx_word' id='word_1_452' title='bbox 2635 4619 2787 4685; x_wconf 86' lang='lat' dir='ltr'>delli</span> <span class='ocrx_word' id='word_1_453' title='bbox 2835 4622 3100 4686; x_wconf 82' lang='lat' dir='ltr'>ministri</span> <span class='ocrx_word' id='word_1_454' title='bbox 3147 4617 3244 4683; x_wconf 78' lang='lat' dir='ltr'>dal</span> 
     </span>
     <span class='ocr_line' id='line_1_41' title="bbox 600 4725 3320 4816; baseline -0.001 -25"><span class='ocrx_word' id='word_1_455' title='bbox 600 4736 786 4791; x_wconf 84' lang='lat' dir='ltr'>canto</span> <span class='ocrx_word' id='word_1_456' title='bbox 833 4725 914 4791; x_wconf 89' lang='lat' dir='ltr'>de</span> <span class='ocrx_word' id='word_1_457' title='bbox 959 4725 1199 4792; x_wconf 88' lang='lat' dir='ltr'>Nostro</span> <span class='ocrx_word' id='word_1_458' title='bbox 1246 4725 1533 4812; x_wconf 84' lang='lat' dir='ltr'>Signore‚</span> <span class='ocrx_word' id='word_1_459' title='bbox 1577 4750 1758 4792; x_wconf 90' lang='lat' dir='ltr'>come</span> <span class='ocrx_word' id='word_1_460' title='bbox 1807 4727 1958 4816; x_wconf 75' lang='lat' dir='ltr'>fprsi</span> <span class='ocrx_word' id='word_1_461' title='bbox 2006 4727 2088 4793; x_wconf 89' lang='lat' dir='ltr'>ha</span> <span class='ocrx_word' id='word_1_462' title='bbox 2132 4728 2297 4794; x_wconf 87' lang='lat' dir='ltr'>fatto</span> <span class='ocrx_word' id='word_1_463' title='bbox 2342 4751 2459 4816; x_wconf 89' lang='lat' dir='ltr'>per</span> <span class='ocrx_word' id='word_1_464' title='bbox 2502 4728 2642 4792; x_wconf 86' lang='lat' dir='ltr'>altri</span> <span class='ocrx_word' id='word_1_465' title='bbox 2688 4729 2905 4815; x_wconf 82' lang='lat' dir='ltr'>tempi.</span> <span class='ocrx_word' id='word_1_466' title='bbox 3260 4736 3320 4788; x_wconf 79' lang='lat'>40</span> 
     </span>
    </p>
   </div>
   <div class='ocr_carea' id='block_1_3' title="bbox 3475 8 3484 806">
    <p class='ocr_par' dir='ltr' id='par_1_8' title="bbox 3475 8 3484 806">
     <span class='ocr_line' id='line_1_42' title="bbox 3475 8 3484 806; baseline 0 0"><span class='ocrx_word' id='word_1_467' title='bbox 3475 8 3484 806; x_wconf 95' lang='lat' dir='ltr'> </span> 
     </span>
    </p>
   </div>
  </div>
 </body>
</html>
