3500 5300
1200 351 1299 407 No.
1336 353 1395 407 3:
1435 352 1575 409 1536
1611 351 1847 407 Oktober
1882 354 1968 408 24.
2850 351 2925 412 63

428 547 473 612 J
477 570 581 612 am
625 570 778 614 vero
822 549 889 613 in
934 548 1116 613 vultu
1162 555 1226 613 et
1255 548 1580 637 colloquiis
1610 572 1860 615 omnem
1907 549 2199 615 timorem
2246 558 2357 615 aut
2402 572 2632 615 causae
2670 557 2922 615 nostrae
2995 554 3135 606 1536

246 654 669 721 diffidentiam
738 655 1114 740 dissimulet3
1181 679 1337 743 prae
1404 679 1471 721 se
1539 657 1700 722 ferat
1769 665 1978 723 autem
2052 679 2204 743 erga
2271 679 2488 721 omnes
2555 659 2922 743 permistam
2947 621 3064 676 Okt.
3099 627 3176 678 24

242 762 526 850 quadam
574 771 925 850 temperata
979 762 1295 829 hilaritate
1339 766 1745 849 gravitatem,
1807 788 1886 828 ne
1945 763 2314 829 alterutrum
2377 765 2695 829 excedens
2740 763 2920 829 alteri

244 870 504 936 officiat.
595 872 791 935 nimia
837 873 1005 936 enim
1037 873 1320 957 gravitas
1354 872 1588 955 odium,
1636 873 1834 935 nimia
1867 870 2149 935 hilaritas
2190 879 2617 958 contemptum
2651 882 2920 958 pareret,

178 992 394 1045 5cum
441 978 615 1063 apud
660 1001 895 1061 omnes,
943 988 1077 1044 tum
1123 979 1295 1065 apud
1343 976 1482 1043 illas
1528 981 1848 1061 nationes,
1908 978 2080 1065 apud
2128 1002 2289 1065 quas
2334 979 2387 1042 si
2436 1002 2716 1066 unquam
2764 978 2921 1043 alias

242 1107 416 1149 nunc
461 1087 741 1150 maxime
786 1095 1034 1173 oportet
1080 1087 1172 1151 uti
1216 1087 1554 1173 prudentia
1600 1095 1661 1151 et
1707 1086 2102 1151 dexteritate.

426 1190 866 1257 Facultatibus
934 1201 998 1257 et
1064 1191 1325 1258 indultis
1392 1216 1432 1256 a
1506 1192 1705 1258 Sanmo
1771 1193 2047 1258 Domino
2119 1192 2347 1258 Nostro
2417 1193 2538 1258 sibi
2607 1194 2919 1258 concessis

242 1298 590 1385 prudenter
634 1307 699 1364 et
742 1300 1022 1364 modeste
1067 1307 1282 1366 utatur
1328 1307 1422 1382 et,
1481 1323 1561 1364 ne
1623 1301 1811 1364 nimis
1856 1301 2085 1365 avidus
2144 1309 2206 1365 et
2250 1323 2458 1387 rapax
2505 1302 2917 1383 existimetur,

239 1405 561 1470 interdum
630 1404 865 1493 aliquid
936 1408 1216 1471 remittat
1273 1407 1353 1472 de
1416 1430 1663 1471 summa
1709 1406 1831 1471 sibi
1877 1407 2120 1491 debita,
2194 1430 2649 1495 nonnunquam
2715 1417 2915 1474 totum

135 1530 217 1581 10
238 1512 588 1599 elargiatur
634 1515 765 1578 sive
812 1515 876 1577 in
908 1515 1178 1600 gratiam
1215 1516 1592 1601 principum,
1639 1537 1750 1579 seu
1797 1515 1988 1579 etiam
2029 1516 2499 1601 gratificaturus
2528 1515 2918 1602 pauperibus

239 1628 356 1686 aut
400 1621 604 1686 doctis
660 1621 845 1704 viris,
904 1622 980 1685 iis
1025 1622 1366 1708 praecipue
1426 1622 1536 1708 qui
1596 1618 1930 1686 eeclesiam
1991 1620 2115 1686 Dei
2177 1630 2430 1687 strenue
2488 1631 2916 1709 propugnant,

242 1728 601 1815 cujusmodi
656 1737 803 1792 sunt
865 1727 1161 1793 dominus
1207 1730 1541 1815 episcopus
1575 1728 1880 1811 Viennae,
1950 1728 2244 1793 dominus
2293 1729 2570 1794 Ecchius
2603 1728 2916 1795 Cochleus

238 1835 500 1900 Nausea
568 1834 884 1921 Georgius
952 1833 1246 1904 Vecelius
1314 1836 1642 1901 Johannes
1729 1836 2025 1900 llanerus
2105 1836 2477 1902 Leonardus
2560 1836 2916 1902 Marstaller

237 1942 541 2008 Nicolaus
589 1941 774 2029 Apoll
807 1944 855 2027 ¹)
910 1949 973 2005 et
1028 1941 1134 2007 alii
1208 1965 1474 2029 quorum
1525 1942 1605 2007 ab
1654 1945 1729 2006 iis
1776 1944 2061 2007 notitiam
2122 1945 2358 2031 capiet3
2419 1966 2625 2030 neque
2692 1942 2914 2009 oblivi-

140 2064 214 2119 15
236 2060 454 2116 scatur
513 2052 726 2115 fratris
782 2050 1052 2115 Joannis
1098 2050 1455 2115 Burchardi
1520 2051 1758 2114 ordinis
1804 2051 2343 2136 praedicatorum,
2413 2053 2521 2137 qui
2581 2053 2695 2116 etsi
2760 2050 2913 2115 nihil

236 2157 543 2224 librorum
604 2158 874 2223 ediderit
930 2166 1152 2222 contra
1211 2156 1639 2240 LutheranOS,
1698 2179 1929 2241 magno
1992 2166 2201 2222 tamen
2263 2159 2430 2222 vitae
2490 2157 2767 2244 periculo
2828 2157 2912 2222 ab

235 2267 419 2330 initio
478 2288 676 2352 usque
739 2264 928 2352 hujus
989 2263 1298 2330 tumultus
1357 2288 1471 2350 pro
1531 2265 1891 2329 defensione
1961 2262 2264 2328 ecclesiae
2324 2262 2652 2330 laboravit.
2744 2274 2808 2331 et
2863 2267 2913 2329 si

236 2375 400 2438 forte
444 2372 760 2438 accideret
815 2379 886 2436 ut
930 2372 1224 2437 dominus
1270 2371 1637 2436 Ludovicus
1684 2371 1828 2447 Ber,
1890 2371 2111 2436 doctor
2156 2370 2481 2457 theologus
2517 2372 2912 2455 ParisiensiS,

236 2482 348 2567 qui
411 2503 523 2566 pro
586 2502 779 2545 causa
838 2479 984 2545 fidei
1032 2501 1067 2543 e
1115 2477 1366 2543 Basilea
1423 2477 1573 2542 exul
1630 2477 1928 2563 Friburgi
1977 2477 2345 2563 Prisgoviae
2408 2477 2656 2544 habitat
2683 2481 2770 2568 ²),
2830 2481 2910 2545 ad

137 2589 521 2656 2‹›favorem
571 2588 721 2652 dicti
768 2588 985 2652 nuncii
1034 2593 1402 2666 recurreret,
1451 2583 1681 2650 habeat
1727 2608 1871 2650 eum
1918 2585 2426 2650 commendatum
2475 2595 2608 2653 tum
2657 2597 2914 2675 propter

236 2717 460 2759 sanam
522 2704 584 2760 et
644 2693 1055 2759 excellentem
1120 2695 1389 2758 hominis
1447 2693 1802 2759 doctrinam
1864 2701 1927 2758 et
1985 2716 2230 2757 morum
2292 2694 2705 2781 probitatem,
2776 2704 2907 2760 tum

234 2804 390 2890 quia
457 2825 572 2868 sua
630 2803 943 2888 gravitate
1012 2811 1074 2867 et
1142 2803 1478 2867 autoritate
1547 2803 1852 2888 optimam
1913 2823 2167 2887 operam
2241 2824 2477 2866 navare
2547 2805 2776 2888 poterit
2845 2806 2909 2867 in

237 2933 434 2975 causa
477 2909 643 2974 fidei.

419 3016 663 3082 Caveat
731 3038 809 3079 ne
878 3023 1132 3080 moveat
1201 3016 1395 3080 risum
1465 3022 1528 3081 et
1596 3014 2028 3098 stomachum,
2099 3016 2161 3081 id
2242 3016 2411 3104 quod
2486 3039 2687 3103 nuper
2769 3015 2910 3082 aliis

138 3137 214 3191 25
235 3123 618 3212 quibusdam
694 3121 976 3187 nunciis'
1011 3122 1315 3188 accidisse
1378 3123 1511 3187 vidi
1540 3125 1625 3206 ³),
1694 3122 2016 3209 publicato
2087 3131 2200 3188 aut
2266 3123 2463 3188 affixo
2533 3123 2905 3211 templorum

236 3231 444 3296 valvis
474 3229 846 3296 facultatum
878 3253 1136 3294 suarum
1170 3230 1477 3317 exemp10,
1524 3253 1684 3317 quas
1714 3230 1955 3317 absque
2001 3230 2214 3318 aliqua
2252 3230 2679 3317 publicatione
2725 3232 2908 3299 facile

236 3340 301 3403 in
334 3337 598 3404 aedibus
643 3338 841 3424 ipsius
870 3340 1085 3402 nuncii
1132 3339 1455 3402 invenient
1488 3338 1595 3424 qui
1630 3339 1719 3401 eis
1750 3336 2145 3423 indigebunt,
2194 3361 2580 3425 quamquam
2625 3338 2907 3426 plerique

236 3456 387 3510 sunt
453 3447 560 3532 qui
629 3445 956 3510 deridendi
1030 3467 1223 3509 causa
1279 3444 1527 3530 fingunt
1587 3444 1949 3530 hujusmodi
2008 3444 2416 3510 facultatibus
2461 3446 2778 3533 indigere,
2840 3458 2908 3512 ut

234 3550 453 3616 habita
499 3573 716 3616 earum
767 3552 989 3616 notitia
1034 3553 1265 3616 certius
1312 3559 1375 3615 et
1419 3552 1625 3615 acrius
1671 3551 1751 3615 de
1798 3550 1981 3615 nobis
2026 3549 2464 3638 obloquantur.

140 3673 218 3725 30
417 3658 644 3722 Faciat
687 3657 1098 3744 elemosynas,
1146 3658 1424 3744 quotidie
1468 3658 1715 3722 intersit
1761 3660 1958 3722 sacris
2004 3658 2105 3723 vel
2152 3659 2323 3722 domi
2355 3658 2456 3723 vel
2502 3660 2669 3743 foris,
2715 3663 2905 3726 inter-

235 3766 393 3830 dum
450 3768 716 3852 ipsemet
776 3764 1083 3847 celebret,
1155 3764 1390 3851 templa
1449 3766 1809 3852 frequenter
1868 3767 2109 3848 visitet,
2183 3768 2550 3853 praesertim
2612 3768 2786 3832 festis
2844 3777 2908 3834 et

235 3872 599 3939 solennibus
644 3871 886 3955 diebuS,
933 3874 1149 3939 omnia
1194 3880 1404 3938 tamen
1452 3872 1607 3938 haec
1654 3874 1896 3938 sincere
1942 3882 2004 3938 et
2049 3873 2411 3961 simpliciter
2456 3875 2665 3958 faciat,
2711 3898 2792 3940 ne
2839 3879 2904 3940 in

236 4038 501 4045 ——·-———-—-—-—
518 4038 567 4045 -ψ
584 4037 641 4042 ι
678 4035 767 4042 ,-.-,

383 4123 427 4193 ¹)
465 4123 766 4179 Leonhard
792 4123 1118 4179 Marstaller
1143 4124 1264 4178 und
1292 4124 1563 4178 Nicotaus
1589 4125 1736 4193 Apel
1763 4126 1988 4194 (Appel)
2025 4142 2211 4180 waren
2240 4124 2597 4191 Professoren
2635 4127 2732 4180 der
2769 4125 2902 4181 Uni-

234 4214 459 4267 rersitc'it
494 4214 838 4282 Inyolstadt,
890 4215 1132 4267 letzterer
1181 4215 1317 4283 leqte
1356 4213 1559 4280 jedoch
1598 4217 1740 4267 1532
1789 4214 1879 4268 die
1918 4213 2209 4280 Professur
2252 4215 2443 4269 wieder
2490 4217 2612 4269 mad
2649 4217 2783 4270 lebte
2818 4217 2905 4271 als

143 4307 217 4360 35
240 4302 475 4368 Harrei·
508 4320 578 4357 zu
616 4303 930 4372 Moosbury.

382 4391 427 4458 ¹)
466 4393 786 4447 Ludovicus
816 4394 997 4448 Ber-us
1033 4394 1204 4462 (Βᾶν)
1239 4394 1396 4448 hatte
1422 4394 1611 4448 seinen
1639 4394 1966 4449 Geburtsort
1995 4394 2178 4462 Basel,
2215 4412 2297 4449 wo
2334 4411 2392 4448 er
2428 4394 2574 4448 auch
2610 4395 2730 4448 eine
2765 4393 2901 4449 Pro-

232 4483 419 4548 fessur
452 4483 756 4550 bekleidete,
798 4487 940 4537 1529
974 4484 1118 4537 nach
1155 4484 1279 4537 dem
1315 4484 1474 4552 Sieye
1513 4484 1612 4537 der
1649 4481 2051 4548 Reformation,
2091 4479 2188 4537 der
2225 4501 2283 4537 er
2318 4483 2566 4554 anfanys
2603 4483 2761 4538 selbst
2800 4502 2900 4537 an-

230 4574 517 4642 yehanyen
567 4573 750 4640 hatte,
800 4574 899 4626 mit
936 4573 1210 4643 Fre-ibury
1260 4575 1296 4627 i.
1335 4574 1434 4626 Br.
1492 4574 1836 4640 rev-tannem,
1889 4590 1968 4627 wo
2006 4589 2065 4626 er
2114 4573 2195 4625 bis
2231 4590 2298 4626 zu
2339 4575 2540 4627 semem
2581 4573 2726 4626 Tode
2764 4577 2900 4627 1554

234 4661 389 4716 blieb.

141 4753 216 4807 40
382 4749 427 4822 ³)
465 4750 584 4805 Dor
620 4751 963 4820 Sprechende
998 4753 1071 4807 ist
1107 4752 1404 4821 Aleander,
1441 4770 1484 4809 s.
1521 4770 1590 4807 zu
1628 4770 1715 4806 nr.
1752 4756 1804 4806 2.
