3500 5300
1258 337 1356 393 No.
1395 338 1493 393 49:
1530 337 1669 393 1537
1705 336 1817 391 Juli
1853 336 1937 391 12.
2367 334 2371 340 '
2829 330 2929 392 189

419 537 540 591 Aus
587 536 826 605 Neapol,
878 535 1109 590 Grande
1146 535 1311 590 Arch.
1357 535 1523 591 Carte
1574 533 1798 590 Parnes.
1844 533 2004 590 Fasc.
2045 535 2147 589 713
2191 533 2360 603 Oriq„
2414 532 2758 600 beschddiyt;
2804 548 2929 585 zum
3001 531 3139 583 1537

490 625 649 680 Theiz
672 626 737 679 in
767 623 1030 693 Chiffern,
1069 625 1233 680 deren
1258 624 1589 694 Auflosuny
1626 624 1851 695 beiqeht.
1905 625 1982 679 In
2008 639 2157 679 verso
2183 622 2455 678 Ricevuta
2479 639 2515 676 a
2541 623 2611 676 30
2638 621 2724 675 del
2751 621 2927 676 decto.
2948 602 3072 657 ‘7²⁶²‘
3108 604 3175 655 12

453 748 515 813 A
545 749 590 814 li
624 759 662 817 8
695 749 761 814 di
807 757 1026 837 questo
1073 751 1291 836 gionse
1337 751 1447 836 qui
1493 771 1727 814 messer
1759 749 2118 814 Francesco
2164 748 2544 814 Salamanca
2590 747 2930 812 cameriere
2948 745 3072 799 lei
3107 747 3145 797 8

278 880 318 922 a
362 863 581 944 questo
627 879 730 939 re,
790 857 941 944 qual
987 858 1022 921 e
1068 865 1303 923 venuto
1365 879 1489 922 con
1545 858 1914 941 monsignor
1970 854 2252 921 d’Ariete
2308 854 2373 919 di
2419 854 2680 941 Spagna
2710 853 2780 942 ¹).
2871 860 2934 918 et

223 970 259 1024 5
278 964 410 1030 Sua
452 963 705 1029 Maesta
749 963 919 1029 m'ha
962 964 1135 1029 detto
1184 971 1499 1051 aspettare
1545 963 1932 1030 d’intendere
1977 965 2022 1028 il
2065 964 2304 1050 riporto
2337 985 2449 1027 suo
2483 963 2655 1027 circa
2682 962 2746 1026 la
2774 984 2933 1048 pace

277 1093 392 1158 per
450 1072 626 1136 aviso
687 1071 754 1136 di
809 1070 941 1137 Sua
993 1070 1270 1154 Santita,
1343 1075 1757 1159 quantunque
1816 1071 2008 1157 dapoi
2063 1071 2151 1134 mi
2213 1069 2297 1133 ha
2356 1070 2684 1155 soggionto
2742 1070 2934 1135 molte

277 1179 524 1264 ragioni
554 1180 919 1264 persuasive
950 1177 1068 1244 che
1090 1177 1322 1243 Nostro
1352 1178 1616 1264 Signore
1648 1179 1713 1243 fa
1740 1179 1905 1242 male
1936 1185 1998 1243 et
2028 1178 2582 1265 pericolosamente
2613 1199 2654 1239 a
2684 1197 2936 1241 servare

279 1291 502 1373 questa
545 1284 895 1350 neutralita.
972 1284 1016 1350 il
1064 1283 1182 1349 che
1226 1286 1314 1349 mi
1359 1285 1425 1349 fa
1457 1285 1713 1350 credere
1760 1285 1877 1349 che
1921 1285 1966 1348 ll
1998 1286 2092 1349 sia
2122 1306 2288 1370 poca
2328 1306 2632 1370 speranza
2661 1283 2726 1349 di
2759 1305 2933 1370 pace.

457 1390 552 1456 Le
596 1393 842 1478 ragioni
890 1415 1042 1458 sono
1088 1399 1306 1479 queste
1338 1433 1419 1441 —
1471 1393 1630 1457 oltra
1676 1391 1882 1480 quelle
1926 1392 2033 1478 gia
2076 1391 2267 1457 molte
2312 1392 2481 1457 volte
2526 1393 2769 1456 scritte:
2817 1390 2936 1457 che

188 1507 261 1560 10
282 1498 412 1564 Sua
457 1499 707 1565 Santita
750 1499 909 1565 hora
954 1500 1117 1565 vede
1161 1499 1415 1565 l’effetto
1462 1499 1544 1564 de
1586 1499 1652 1564 la
1694 1522 1958 1586 guerra,
2006 1521 2121 1585 per
2166 1499 2206 1563 il
2256 1498 2373 1564 che
2419 1506 2581 1564 sotto
2629 1521 2936 1586 speranza

281 1605 347 1669 di
391 1628 551 1693 pace
597 1612 659 1672 et
703 1606 770 1670 di
814 1607 1161 1672 mediatore
1206 1630 1336 1672 non
1381 1607 1543 1672 deve
1588 1629 1843 1671 servare
1889 1613 2113 1693 questa
2156 1607 2521 1689 neutralita,
2580 1608 2644 1671 la
2697 1607 2847 1692 qual
2901 1606 2937 1670 e

281 1720 455 1778 tanto
514 1712 993 1779 dishonorevole
1054 1737 1094 1778 a
1139 1713 1272 1779 Sua
1315 1713 1563 1780 Santita
1622 1720 1860 1801 quanto
1921 1715 1974 1778 si
2032 1714 2113 1800 po
2172 1713 2574 1779 considerare
2620 1736 2660 1777 a
2707 1713 2808 1776 chi
2854 1711 2939 1776 ha

279 1821 566 1906 ragione,
614 1820 958 1885 vedendosi
1019 1819 1301 1905 gl’effetti
1348 1828 1410 1886 et
1453 1820 1727 1885 l’unione
1773 1819 1838 1885 di
1887 1820 2141 1885 Franza
2188 1843 2310 1886 con
2353 1820 2400 1885 il
2446 1820 2658 1886 Turco
2706 1828 2770 1884 et
2814 1841 2936 1884 con

282 1924 676 2016 Lut[herani]
723 1934 786 1992 et
832 1926 1176 1993 vedendosi
1222 1926 1502 2014 gl'effetti
1550 1926 1617 1991 di
1646 1925 1780 1993 Sua
1811 1926 2086 1993 Cesarea
2116 1927 2361 1992 Maesta
2404 1935 2467 1993 et
2512 1927 2605 1993 soi
2649 1928 2712 1991 in
2762 1949 2937 1991 man·

190 2040 260 2096 15
283 2040 493 2099 tenere
526 2083 539 2097 .
567 2088 578 2100 .
606 2086 617 2097 .
649 2035 704 2120 ⁸)
735 2035 801 2098 in
847 2042 1065 2121 queste
1123 2036 1287 2121 parti
1333 2043 1397 2099 et
1442 2036 1508 2099 in
1552 2034 1654 2099 far
1698 2041 1873 2100 tante
1921 2056 2146 2119 guerre
2195 2057 2373 2100 come
2429 2035 2939 2100 continuamente

283 2138 392 2230 [fa]
438 2164 552 2228 por
596 2140 905 2207 beneficio
951 2140 1031 2206 de
1077 2141 1141 2206 la
1185 2142 1488 2228 religione
1536 2141 1884 2208 christiana
1936 2148 2000 2206 et
2049 2141 2389 2207 rifiutando
2433 2143 2596 2206 tanti
2636 2139 2939 2207 oblationi

282 2254 345 2312 et
390 2250 544 2313 aiuti
588 2248 668 2312 de
714 2247 963 2312 Infideli
1008 2249 1076 2312 in
1121 2256 1340 2334 queste
1384 2249 1802 2335 grandissime
1847 2271 1958 2313 sue
2000 2248 2335 2313 necessita!
2425 2255 2489 2312 et
2519 2248 2627 2334 poi
2656 2247 2744 2311 mi
2775 2247 2941 2312 disse

283 2377 410 2419 non
459 2355 719 2419 volermi
778 2354 913 2418 dire
975 2356 1088 2441 piu
1148 2355 1342 2438 oltra,
1403 2355 1776 2442 aspettando
1824 2378 2044 2442 sapere
2090 2406 2143 2419 ..
2170 2407 2181 2418 .
2209 2405 2222 2419 .
2269 2356 2316 2420 il
2358 2355 2598 2442 riporto
2654 2353 2755 2419 del
2800 2376 2937 2441 pre-

283 2461 455 2527 detto
498 2463 905 2546 monsignore
951 2461 1264 2546 d'Ariete,
1313 2462 1483 2527 siche
1530 2465 1675 2527 sara
1719 2461 1882 2527 bene
1941 2462 2221 2549 parendo
2269 2459 2331 2550 [a
2376 2461 2606 2527 Nostro
2652 2460 2939 2550 Signore]

186 2581 262 2635 20
282 2591 398 2656 per
441 2575 748 2633 mostrare
793 2567 908 2634 che
946 2571 1000 2634 si
1045 2579 1237 2657 tenga
1285 2577 1475 2635 conto
1507 2570 1573 2634 di
1607 2569 1738 2636 Sua
1769 2570 2033 2654 Maesta,
2080 2568 2182 2634 del
2213 2575 2375 2634 tutto
2405 2567 2939 2660 ragguagliar[la]›

284 2683 713 2764 quantunque,
763 2679 920 2741 com'
968 2676 1052 2742 ho
1099 2678 1291 2758 detto,
1337 2700 1531 2764 penso
1578 2702 1658 2743 ne
1704 2679 1799 2742 sia
1845 2678 2185 2742 informata
2229 2676 2337 2742 dal
2383 2679 2778 2765 imperatore.

463 2782 691 2864 Questi
735 2781 1085 2850 Lutherani
1145 2784 1357 2851 hanno
1417 2786 1575 2850 fatto
1632 2786 1995 2871 provisione
2048 2785 2114 2849 di
2159 2784 2415 2868 danari,
2474 2792 2537 2849 et
2599 2784 2679 2850 ho
2738 2785 2939 2850 inteso

287 2890 402 2955 che
459 2889 670 2955 hanno
732 2888 969 2956 havuto
1018 2901 1250 2959 80000
1311 2893 1528 2958 ducati
1590 2892 1656 2957 di
1704 2892 1985 2974 Franza‚
2045 2892 2195 2978 qual
2252 2891 2481 2957 dicono
2542 2891 2740 2956 haver
2796 2915 2941 2979 pro-

286 3004 505 3062 curato
570 3007 634 3063 et
690 3020 1037 3085 procurare
1096 2999 1212 3063 che
1271 3000 1559 3065 facciano
1624 3009 1706 3066 20
1723 3009 1854 3066 000
1915 2999 2073 3063 fanti
2132 3006 2292 3064 sotto
2354 2999 2563 3085 specie
2630 2998 2695 3064 di
2763 2997 2942 3064 voler

185 3116 260 3170 25
283 3106 501 3170 venire
558 3107 624 3169 in
669 3104 859 3169 Italia
903 3128 1017 3192 per
1060 3105 1119 3171 le
1168 3129 1313 3172 cose
1360 3106 1439 3171 de
1484 3106 1548 3171 la
1592 3106 1927 3192 religione,
1987 3114 2049 3171 et
2102 3106 2625 3193 promettendosi,
2684 3105 2940 3193 quando

284 3236 513 3278 sarano
560 3214 626 3276 in
673 3212 878 3295 Italia,
925 3236 1118 3279 overo
1166 3214 1231 3278 di
1278 3215 1531 3278 servirsi
1586 3213 1771 3278 d'essi
1817 3220 1882 3279 et
1937 3213 2098 3279 darli
2152 3211 2319 3279 bono
2381 3213 2692 3299 stipendio
2751 3235 2943 3279 overo

284 3320 352 3385 di
396 3320 643 3407 pagarli
688 3320 753 3385 la
797 3322 966 3385 meta
1011 3320 1092 3386 de
1137 3319 1200 3385 la
1246 3343 1429 3407 spesa
1473 3328 1536 3386 et
1578 3322 1853 3387 lasciarli
1903 3320 2019 3386 che
2065 3322 2357 3386 facciano
2405 3327 2643 3408 quanto
2689 3320 2730 3384 li
2772 3343 2941 3407 pare.

284 3436 350 3492 et
391 3449 507 3513 per
551 3426 855 3513 impedire
914 3435 1136 3515 questa
1198 3430 1445 3514 pratica
1502 3431 1607 3515 gia
1662 3430 1842 3494 molti
1888 3430 2092 3515 giorni
2141 3428 2523 3515 principiata
2577 3427 2767 3493 credo
2826 3428 2943 3493 che

283 3535 330 3599 il
376 3534 586 3600 dottor
632 3532 952 3616 Matthias,
999 3533 1148 3622 qual
1194 3535 1230 3600 e
1275 3537 1403 3623 qui,
1450 3539 1691 3623 partira
1736 3537 2008 3601 domane
2038 3536 2109 3622 ²).
2962 3524 3085 3580 Just
3125 3525 3192 3575 13

179 3652 264 3707 30
462 3641 557 3706 Le
617 3663 762 3706 cose
821 3640 901 3705 de
962 3644 1166 3728 questi
1211 3641 1560 3710 Lutherani
1618 3666 1772 3709 sono
1818 3650 2074 3708 trattate
2123 3665 2242 3707 con
2290 3648 2468 3706 tanta
2512 3641 2838 3728 diligentia
2882 3648 2945 3708 et

285 3748 717 3814 sollecitudine
764 3748 1007 3834 ch'ogn’
1069 3748 1227 3815 hora
1284 3751 1563 3837 pigliano
1623 3750 1894 3837 qualche
1955 3757 2310 3835 augmento.
2404 3758 2466 3812 et
2511 3746 2719 3813 hanno
2767 3756 2942 3814 tanto

285 3855 494 3920 ardire
555 3855 673 3919 che
734 3877 863 3919 non
925 3856 1055 3921 solo
1116 3856 1480 3922 sollecitano
1539 3858 1586 3921 li
1643 3858 1916 3944 principi
1976 3856 2244 3921 seculari
2304 3878 2345 3919 a
2389 3855 2708 3920 declinare
2754 3856 2838 3920 da
2881 3856 2945 3919 la

285 3963 433 4028 sede
474 3962 840 4049 apostolica,
888 3985 994 4026 ma
1040 3961 1321 4028 anchora
1366 3964 1408 4028 li
1467 3965 1608 4050 capi
1657 3963 1979 4029 chiericati
2026 3972 2089 4028 et
2118 3962 2345 4050 grandi
2375 3962 2600 4049 prelati
2633 3962 2696 4026 di
2728 3968 2945 4049 queste

286 4068 496 4134 chiese
555 4070 619 4134 di
666 4070 1017 4136 Germania
1074 4079 1138 4136 et
1182 4069 1227 4134 li
1272 4092 1637 4157 proponeno
1684 4071 1750 4135 di
1796 4071 2068 4137 lasciarli
2114 4072 2389 4158 principi
2435 4092 2514 4134 ne
2558 4070 2601 4135 li
2657 4070 2790 4134 loro
2837 4068 2946 4133 do-

172 4186 265 4243 35
282 4178 463 4241 minii
506 4185 571 4243 et
614 4199 782 4242 esser
829 4178 1215 4244 confederati
1274 4200 1393 4243 con
1454 4179 1605 4260 essi,
1651 4179 1890 4264 purche
1950 4179 2245 4265 vogliano
2300 4178 2566 4265 pigliare
2609 4175 2841 4262 moglie
2886 4182 2948 4240 et

426 4376 469 4425 s)
508 4372 591 4415 Πολ
616 4373 663 4415 ls
688 4373 791 4416 fede
817 4373 1038 4416 catholica
1065 4374 1164 4415 oder
1190 4374 1416 4415 dhnlichos.

430 4462 473 4527 ¹)
511 4462 793 4519 Letzterer
827 4464 995 4534 beqab
1032 4462 1149 4520 sic'h
1183 4482 1263 4519 an
1300 4464 1390 4519 die
1429 4463 1608 4531 Garis,
1645 4481 1687 4519 s.
1726 4482 1782 4518 u.
1819 4480 1906 4518 nr.
1946 4467 2031 4519 52.

429 4552 472 4620 ²)
514 4553 727 4609 Bereits
772 4554 850 4608 im
885 4570 1259 4623 amezoyenen
1293 4552 1584 4609 Schreiben
1619 4571 1698 4607 an
1746 4553 1854 4607 den
1891 4553 2169 4609 Car-dina!
2205 4570 2312 4607 von
2352 4553 2547 4608 Trione
2580 4570 2698 4608 vom
2737 4557 2770 4606 7
2804 4552 2947 4607 ‚Iuni

280 4641 466 4696 rfibmt
491 4640 608 4697 sich
633 4642 786 4697 Haza
813 4643 903 4697 die
941 4641 1369 4712 Unterstiitzuny
1395 4642 1772 4697 Frankrcichs
1799 4643 1974 4697 durch
2000 4641 2255 4697 deutsche
2281 4642 2516 4698 Soldncr
2541 4658 2664 4698 mm
2687 4637 2948 4711 yrosstcn-

163 4731 425 4792 40t1oeil
457 4731 779 4801 abyewandt
814 4748 885 4786 zu
922 4732 1113 4787 haben.
1189 4732 1456 4788 Bucholtz
1491 4750 1542 4786 a.
1581 4751 1635 4786 a.
1677 4730 1737 4788 0.
1776 4732 1830 4787 S.
1867 4735 1988 4787 139.
