3500 5300
534 290 541 298 ·
597 329 706 393 488
1518 329 1617 389 No.
1656 331 1757 390 9*:
1795 330 1934 389 1537
1972 351 2022 387 11.
2062 327 2213 403 April
2249 329 2332 385 16.

362 539 499 587 1537
597 533 1087 598 celebrationem
1143 531 1297 596 dicti
1366 530 1616 596 concilii
1677 532 1944 596 caeteris
2004 529 2438 616 praetulisset,
2507 549 2768 615 sperans
2832 550 2902 594 se
2965 527 3265 594 similiter

275 623 327 658 '²'
355 609 490 675 ΑΨ·
511 609 580 658 16
596 638 750 702 Ill¹¹¹⁰
797 639 943 705 duci
991 661 1123 704 rcm
1170 662 1313 703 cum
1358 639 1579 725 primis
1609 647 1856 722 gratam
1901 637 2230 702 honestam
2276 644 2341 701 et
2371 635 2768 700 commodam
2811 636 3154 716 facturum,
3200 648 3262 702 et

596 746 752 810 R'm
799 743 1092 811 dominus
1139 745 1474 810 cardinalis
1520 745 1910 810 Mantuanus
1971 746 2223 809 nomine
2285 742 2596 829 praedicti
2658 741 2836 808 ducis
2895 742 3118 808 fratris
3167 746 3264 808 sui

594 853 756 918 hane
805 852 1181 918 electionem
1241 851 1513 916 libenter
1557 859 1948 938 acceptasset
1996 861 2060 914 et
2107 851 2434 916 civitatem
2484 848 2876 937 praedictam
2919 850 3264 916 obtulisset

596 982 670 1023 ac
718 961 907 1024 etiam
954 959 1073 1025 hac
1120 957 1200 1024 de
1248 981 1441 1024 causa
1486 957 1819 1023 Sanctitati
1869 956 2036 1022 Suae
2080 960 2320 1042 gratias
2368 958 2622 1042 egisset,
2680 980 2850 1022 nunc
2894 956 3084 1021 Ill¹¹¹¹¹⁸
3133 956 3265 1022 dux
3313 969 3344 1019 5

596 1065 915 1151 predictus
961 1075 1089 1132 tam
1138 1075 1358 1132 sancto
1405 1067 1582 1153 operi
1626 1064 1746 1130 hoc
1793 1064 2316 1152 impedimentum
2364 1065 2668 1149 injecerit.

772 1173 1247 1239 Procurandum
1293 1177 1485 1239 ctiam
1531 1182 1629 1238 est
1674 1171 1848 1260 apud
1892 1170 2285 1259 praedictam
2333 1169 2710 1237 Caesaream
2739 1171 3157 1258 Majestatem
3204 1182 3267 1237 et

593 1279 824 1345 Ser¹¹³⁰¹¹²
894 1303 1104 1366 regem
1163 1281 1593 1346 Romanorum
1662 1281 1798 1365 ejus
1867 1279 2161 1358 fratrem,
2219 1288 2320 1356 ut,
2387 1287 2726 1364 postquam
2801 1277 2929 1344 hoc
2999 1280 3267 1345 sinistro

592 1396 825 1452 eventu
887 1410 988 1452 res
1047 1388 1132 1452 ad
1194 1387 1363 1453 hunc
1433 1396 1669 1453 statum
1729 1385 2006 1452 deducta
2060 1394 2175 1464 est,
2243 1394 2586 1472 procurent
2652 1385 3072 1452 conformiter
3119 1409 3268 1451 cum

592 1493 791 1558 literis
838 1493 1213 1560 Sanctitatis
1258 1493 1427 1560 Suae
1472 1493 1663 1560 fidem
1710 1495 1922 1558 facere
1968 1492 2143 1579 apud
2189 1494 2510 1579 principes
2557 1500 2625 1557 et
2667 1493 2940 1579 populos
2990 1492 3346 1560 Germa-10

592 1603 767 1664 niae:
825 1624 940 1687 per
984 1600 1399 1667 Sanctitatem
1461 1601 1654 1666 Suam
1719 1623 2117 1686 nequaquam
2182 1602 2452 1680 stetisse,
2513 1601 2849 1684 quominus
2910 1601 3266 1666 concilium

592 1706 988 1793 praedictum
1036 1711 1099 1772 in
1146 1710 1415 1772 termino
1477 1709 1759 1795 praefixo
1828 1705 2134 1772 celebrari
2199 1716 2453 1792 ceptum
2512 1709 2612 1771 sit.
2702 1716 2770 1771 et
2815 1730 2962 1772 cum
3007 1710 3144 1795 jam
3188 1709 3266 1773 li-

591 1814 786 1900 quido
833 1824 1081 1880 constet
1129 1814 1529 1881 Lutheranos
1590 1816 1844 1880 nonnisi
1905 1815 2317 1900 iniquissimis
2364 1823 2427 1879 et
2489 1813 2660 1879 nullo
2717 1815 2978 1880 saeculo
3023 1815 3264 1880 auditis

591 1921 1062 1986 conditionibus
1087 1922 1423 1987 concilium
1450 1931 1684 2009 petere,
1731 1920 1798 1985 id
1846 1930 1942 1986 est
1990 1943 2175 1986 omne
2201 1920 2542 2004 concilium
2564 1920 2916 2006 quamlibet
2947 1932 3265 2002 sanctum,

591 2029 937 2113 quamlibet
982 2032 1102 2093 rite
1148 2029 1540 2095 celebratum
1584 2051 1896 2108 recusare,
1955 2027 2038 2093 ad
2085 2027 2560 2093 conservandos
2620 2028 2849 2094 saltem
2901 2037 2972 2093 et
3029 2052 3266 2095 conso-
3283 2038 3345 2091 15

591 2135 813 2199 landos
861 2135 1225 2201 Catholicos
1286 2146 1349 2202 et
1410 2138 1519 2222 qui
1574 2134 1854 2201 titubant
1911 2135 2373 2200 confirmandos
2421 2134 2850 2221 persuadeant
2905 2137 3264 2222 praedictis

592 2243 984 2329 principibus
1034 2243 1230 2307 multo
1276 2242 1669 2309 commodius
1715 2253 1778 2307 et
1826 2241 2085 2307 liberius
2149 2244 2212 2306 in
2272 2244 2533 2307 civitate
2579 2242 2908 2307 Bononiae
2957 2243 3065 2308 vel
3115 2244 3265 2309 Pla-

592 2351 839 2413 centiae
887 2350 1224 2414 concilium
1271 2350 1575 2415 celebrari
1623 2359 1689 2414 et
1734 2351 2054 2414 terminari
2103 2371 2311 2436 posse.

771 2456 1142 2521 Cavendum
1191 2459 1463 2522 maxime
1510 2465 1609 2522 est
1654 2479 1731 2521 ne
1781 2458 1844 2521 in
1891 2455 2066 2521 bulla
2109 2457 2577 2543 prorogationis
2609 2457 2862 2522 concilii
2907 2469 3021 2523 aut
3068 2459 3262 2523 etiam

592 2565 683 2626 eis
746 2563 1047 2627 brevibus
1117 2586 1279 2649 quac
1326 2564 1409 2628 ad
1468 2567 1788 2651 principes
1855 2563 1974 2628 hac
2038 2563 2118 2628 (10
2179 2586 2246 2628 re
2306 2563 2697 2642 scribentur,
2758 2563 3083 2630 Sanctitas
3129 2564 3346 2630 Suam

591 2674 959 2758 profiteatur
1005 2695 1072 2735 se
1120 2695 1264 2735 eum
1311 2671 1521 2736 locum
1568 2672 1912 2737 electuram
1962 2671 2042 2736 (10
2089 2693 2217 2756 quo
2264 2671 2389 2736 sibi
2450 2673 2624 2758 prius
2684 2695 2830 2736 cum
2885 2674 3147 2758 regibus
3195 2685 3260 2738 et

592 2778 982 2864 principibus
1042 2778 1401 2844 christianis
1461 2781 1828 2843 convenerit
1845 2804 1863 2858 3
1925 2801 2152 2863 magno
2209 2779 2377 2843 enim
2435 2780 2715 2843 omnium
2770 2788 2836 2845 et
2881 2783 3261 2866 praesertim

593 2886 1054 2950 Germanorum
1103 2885 1488 2950 offendiculo
1535 2908 1720 2949 nemo
1769 2908 1896 2950 non
1955 2888 2172 2949 statim
2227 2884 2540 2970 judicabit
2593 2884 3014 2953 Sanctitatem
3062 2888 3260 2954 Suam

366 2996 505 3051 Nov.
544 3002 575 3049 1
593 3016 719 3056 non
766 2992 845 3057 ad
894 2992 1190 3056 calendas
1238 2992 1619 3069 novembris,
1666 2993 1780 3056 sed
1828 2992 1908 3057 ad
1955 2991 2252 3057 calendas
2296 3014 2559 3077 graecas
2590 2993 2930 3081 concilium
2977 2994 3264 3060 voluisse

592 3122 951 3185 prorogare,
1024 3098 1088 3162 id
1150 3109 1248 3163 est
1308 3100 1642 3163 concilium
1694 3122 2090 3186 nequaquam
2157 3099 2361 3179 velle3
2430 3122 2623 3185 quum
2692 3103 2885 3166 011105
2956 3102 3348 3169 01110οᾶ0535

590 3229 849 3290 graecas
900 3216 1196 3270 venturas
1244 3230 1495 3292 sperare
1543 3209 1860 3293 possimus
1907 3229 2096 3292 quam
2142 3205 2266 3271 hoc
2310 3208 2715 3293 potissimum
2759 3217 3051 3295 tempore
3097 3208 3263 3274 duos

593 3314 922 3398 primarios
969 3314 1298 3379 christiani
1340 3316 1608 3378 nominis
1636 3315 1956 3400 principes
2006 3316 2071 3378 in
2115 3313 2236 3379 hac
2281 3335 2349 3377 re
2397 3313 2537 3378 fore
2569 3313 2934 3380 concordes.
3026 3315 3262 3402 quodsi

594 3419 913 3484 Sanctitas
946 3420 1076 3485 Sua
1123 3421 1396 3507 aliquem
1443 3421 1653 3486 locum
1701 3420 1997 3485 omnibus
2040 3442 2453 3499 communem,
2501 3431 2572 3485 ut
2617 3444 2780 3507 quae
2829 3430 3000 3487 esset
3047 3422 3264 3510 aliqua

594 3526 993 3591 Venetorum
1046 3529 1292 3607 civitaS,
1340 3529 1392 3591 si
1448 3528 1635 3592 modo
1690 3527 1770 3592 ad
1821 3527 1887 3591 id
1941 3529 2297 3593 consentire
2331 3528 2545 3605 velint,
2591 3538 2702 3591 aut
2747 3531 2802 3592 si
2849 3528 2930 3592 de
2977 3530 3124 3595 aliis
3171 3534 3267 3596 ci-

596 3634 901 3698 vitatibus
950 3657 1073 3698 non
1122 3637 1210 3699 ita
1256 3633 1573 3699 Sanctitas
1621 3633 1752 3699 Sua
1800 3633 2137 3720 disponere
2197 3638 2420 3720 possit,
2486 3658 2674 3699 unam
2732 3636 3015 3721 aliquam
3062 3660 3100 3701 e
3146 3651 3346 3704 sua30

595 3740 834 3805 ditione
881 3744 1207 3807 civitatem
1251 3744 1675 3806 nominaverit
1723 3752 1790 3806 et·
1845 3764 1983 3806 eam
2031 3743 2094 3805 in
2142 3742 2434 3806 manibus
2493 3751 2559 3806 01
2602 3750 2922 3828 potestate
2985 3745 3262 3823 concilii,

595 3847 895 3933 quamdiu
929 3847 1197 3929 durabit,
1243 3848 1523 3913 futuram
1569 3848 1898 3912 obtulerit:
1947 3871 2064 3934 par
2109 3858 2205 3912 051
2237 3851 2555 3913 neminem
2588 3848 3072 3916 Catholieorum
3118 3875 3258 3916 eam

595 3963 1047 4021 recusaturum.
1138 3956 1372 4041 alioqui
1421 3957 1541 4020 nisi
1575 3964 1950 4041 procuretur
1995 3965 2064 4019 ut
2098 3978 2175 4019 ex
2218 3955 2510 4019 omnibus
2559 3965 2625 4021 et
2655 3958 3033 4042 praesertim
3081 3982 3264 4045 prae-

595 4064 800 4149 cipuis
826 4062 1323 4127 Christianitatis
1369 4064 1579 4147 regnis
1626 4065 1690 4126 in
1722 4061 2062 4128 concilium
2093 4065 2531 4141 conveniatur,
2576 4061 2658 4128 de
2689 4062 2900 4148 aliqua
2935 4063 3264 4130 discordia

598 4169 699 4233 vel
748 4172 937 4235 etiam
986 4169 1404 4235 abominando
1453 4170 1797 4235 schismate
1840 4169 2195 4234 timendum
2240 4179 2354 4235 051.
3282 4185 3346 4239 35

774 4277 960 4341 Prius
1009 4285 1220 4342 autem
1266 4300 1454 4363 quam
1501 4278 1829 4341 civitatem
1887 4276 2059 4341 illam
2106 4275 2425 4342 Sanctitas
2473 4275 2606 4342 Sua
2649 4277 2908 4364 publice
2955 4282 3268 4357 nominet,

598 4408 827 4472 operae
876 4386 1154 4472 precium
1205 4392 1374 4449 esset
1420 4383 1501 4448 ad
1547 4385 1813 4449 nuncios
1846 4385 2229 4471 apostolicos
2277 4384 2552 4450 scribere
2599 4393 2670 4448 ut
2701 4383 2932 4449 dextro
2979 4386 3265 4472 quodam

597 4492 787 4557 modo
836 4502 900 4555 et
945 4494 1125 4577 quasi
1173 4514 1251 4555 ex
1298 4514 1365 4555 50
1412 4500 1656 4556 mentes
1710 4493 2074 4579 principum
2133 4491 2306 4579 apud
2365 4514 2524 4578 quos
2586 4501 2802 4578 agunt,
2862 4515 3063 4580 super
3121 4495 3264 4559 loeo

600 4602 909 4663 scitentur
954 4610 1014 4661 et
1062 4600 1523 4685 quamprimum
1572 4597 1654 4662 ad
1700 4597 2115 4664 Sanctitatem
2162 4597 2358 4665 Suam
2403 4599 2701 4664 scribant.
2759 4622 2927 4685 quae
2974 4602 3028 4665 si
3079 4600 3262 4667 vide-

600 4705 694 4771 bit
740 4708 908 4769 inter
954 4728 1060 4767 eos
1107 4708 1447 4770 convenire
1495 4728 1685 4792 super
1730 4706 1870 4771 loco
1916 4709 1984 4772 in
2027 4706 2217 4772 Italia
2249 4705 2560 4792 eligendo,
2605 4706 2779 4771 nullo
2826 4707 3020 4772 modo
3069 4708 3338 4772 debetw
