3500 5300
397 564 538 617 1537

357 635 484 688 Mai
519 638 554 687 5

575 340 680 424 156
1573 356 1673 422 No.
1711 362 1811 423 38:
1852 352 1990 423 1537
2026 356 2136 421 mi
2169 350 2222 422 ὅ.

573 564 740 628 eines
782 560 1021 627 solchen
1066 559 1423 643 Aufschubs
1466 558 1837 645 schleuniyst
1894 560 2047 628 aller
2106 562 2263 630 Wezt
2294 559 2608 646 plausibel
2645 561 2923 647 ymacht
2965 560 3247 630 werden„

577 672 742 735 1537
786 670 936 734 Mai
980 671 1019 733 5
1067 669 1253 752 Praq.

717 795 838 849 Ans
873 794 1088 863 Neapel
1098 834 1116 861 ,
1164 793 1395 849 Grande
1432 794 1697 850 Archivio
1733 793 1901 850 Cat-te
1937 793 2164 850 Parnes.
2202 794 2362 850 Faue.
2403 794 2508 850 ‘125
2551 794 2729 866 Oria„
2781 796 3133 867 ὸωολᾰᾶἰςΐς
3184 797 3250 852 in

786 899 938 938 verso
973 882 1248 938 Rieevnta
1282 901 1317 938 a
1355 885 1423 937 15
1459 884 1517 937 di
1552 884 1781 955 giugno.

749 1005 860 1070 Ho
905 1006 1149 1092 parlato
1196 1029 1234 1071 a
1279 1017 1505 1092 questo
1551 1005 1738 1072 Sex-¹¹⁰
1786 1029 1853 1071 re
1898 1029 2013 1094 per
2057 1007 2101 1071 il
2148 1008 2639 1073 salvocondutto
2698 1005 2804 1074 del
2847 1030 3135 1076 vescovo
3180 1009 3248 1074 di
3299 1021 3330 1073 5

572 1113 1010 1180 Transilvania
1057 1121 1121 1176 et
1181 1135 1296 1198 per
1340 1112 1385 1176 il
1443 1135 1832 1199 compagae,
1886 1135 2065 1178 come
2111 1113 2202 1181 V.
2248 1113 2314 1179 S.
2371 1113 2657 1179 d’ordine
2704 1113 2771 1180 di
2817 1114 2950 1180 Sua
2995 1114 3249 1181 Santita

572 1221 658 1284 mi
705 1222 912 1285 scrive
945 1222 1005 1300 ¹).
1097 1228 1162 1282 et
1205 1217 1422 1305 perch’
1482 1219 1544 1282 io
1591 1240 1699 1283 era
1742 1220 2167 1306 consapevole
2215 1220 2296 1285 de
2341 1221 2404 1285 la
2446 1221 2613 1286 mala
2655 1220 3083 1308 disposizione
3130 1221 3249 1288 che

575 1326 620 1389 il
665 1325 957 1412 predetto
1003 1348 1070 1390 re
1117 1327 1286 1389 tiene
1333 1335 1554 1391 contra
1596 1325 1642 1389 il
1674 1325 1984 1393 Vaivoda
2030 1336 2096 1391 et
2139 1326 2340 1392 anche
2387 1327 2468 1393 de
2512 1327 2559 1392 li
2592 1328 2741 1393 mali
2787 1327 2963 1394 modi
3011 1332 3249 1395 servati

575 1432 658 1498 da
704 1455 846 1498 esso
891 1432 1198 1498 Vaivoda
1242 1431 1554 1517 negl’altri
1601 1434 1845 1497 trattati
1892 1433 1959 1498 di
2003 1456 2164 1520 paee
2209 1442 2275 1498 et
2320 1433 2388 1499 di
2442 1444 2666 1520 tregua
2719 1456 2801 1500 ne
2860 1435 2923 1501 le
2981 1438 3251 1522 promis-

573 1542 735 1604 sioni
782 1541 944 1604 fatte
991 1561 1116 1603 non
1162 1539 1299 1602 solo
1345 1561 1384 1602 a
1427 1548 1654 1624 questo
1697 1563 1789 1619 re,
1832 1562 1938 1604 ma
1982 1539 2257 1606 anchora
2312 1563 2351 1606 a
2392 1540 2846 1628 l’imperatore,
2892 1541 3016 1608 m’e
3061 1566 3251 1630 pas-so
3272 1555 3333 1608 10

576 1646 972 1734 expediente,
1018 1645 1401 1711 declarando
1447 1669 1484 1710 a
1532 1645 1663 1711 Sua
1707 1647 1959 1711 Maesta
2005 1648 2051 1712 il
2094 1647 2222 1712 bon
2268 1648 2408 1713 zelo
2454 1647 2521 1713 di
2550 1647 2793 1714 Nostro
2824 1648 3097 1734 Signore
3138 1672 3254 1736 per

575 1753 811 1820 vedere
858 1753 1390 1818 universalmente
1451 1753 1511 1817 la
1571 1775 1730 1839 pace
1790 1753 1891 1818 sm
1936 1752 2284 1818 Christiani
2331 1764 2398 1818 et
2440 1754 2999 1841 particulamente
3048 1756 3095 1820 il
3142 1756 3253 1821 de-

576 1861 809 1925 siderio
877 1860 944 1925 di
991 1859 1122 1924 Sua
1168 1858 1448 1923 Santita'
1488 1859 1553 1924 di
1626 1859 1860 1925 vedere
1923 1859 2053 1925 Sua
2112 1861 2366 1926 Maesta
2433 1862 2575 1926 fora
2632 1860 2715 1928 de
2774 1864 2937 1926 tanti
2994 1861 3253 1927 inu-iohi

577 1990 762 2053 spese
809 1977 874 2032 et
917 1989 1160 2052 guerre,
1205 1966 1564 2052 proponerli
1612 1977 1837 2050 questa
1882 1966 2181 2031 richiesta
2238 1965 2347 2032 del
2392 1965 2904 2047 salvooondutto‚
2950 1970 3255 2055 soggion·

576 2074 833 2160 gendoli
879 2073 999 2138 che
1046 2072 1176 2137 Sua
1222 2072 1472 2137 Santita
1517 2096 1644 2136 non
1690 2095 1805 2158 per
1850 2072 2057 2137 alcun’
2101 2073 2261 2137 altro
2307 2076 2577 2159 rispetto
2618 2073 2738 2139 ehe
2782 2097 2899 2160 per
2941 2074 3255 2141 beneficio
3274 2090 3339 2143 15

581 2182 646 2246 di
702 2181 832 2246 Sua
887 2181 1138 2244 Maesta
1197 2202 1316 2244 con
1375 2180 1705 2265 personale
1766 2202 1978 2244 amore
2048 2189 2112 2244 et
2178 2179 2449 2246 essendo
2505 2181 2672 2245 bene
2738 2179 3085 2246 informata
3147 2181 3254 2247 del

579 2299 748 2352 stato
794 2287 861 2353 di
908 2287 1039 2351 Sua
1085 2287 1336 2351 Maesta
1389 2285 1478 2371 gli
1550 2286 1778 2352 faeeva
1824 2296 2049 2372 questa
2096 2286 2414 2366 riehiesta‚
2459 2309 2584 2352 con
2627 2289 3086 2373 protestatione
3132 2287 3253 2353 che

581 2393 834 2480 qnando
879 2418 1006 2459 non
1051 2394 1138 2479 gli
1187 2394 1361 2457 fosse
1407 2394 1756 2479 piaceiuta‚
1813 2393 1873 2457 la
1931 2393 2106 2457 fosse
2164 2415 2278 2479 per
2334 2415 2462 2457 non
2511 2392 2711 2474 fatta3
2772 2403 2839 2458 et
2895 2393 3154 2479 quando
3200 2394 3249 2458 n

580 2512 879 2567 mettesse
925 2510 1117 2566 conto
1164 2499 1295 2564 Sua
1339 2499 1610 2577 Maesta,
1655 2499 1906 2565 facesse
1952 2510 2180 2586 questo
2225 2499 2406 2565 salvo
2452 2499 2781 2579 condutto,
2825 2500 3061 2588 perche
3117 2499 3250 2566 Sua

582 2608 832 2674 Santita
876 2610 942 2673 in
987 2609 1136 2694 ogni
1182 2616 1443 2673 nattato
1503 2606 1568 2672 di
1618 2629 1779 2693 pace
1825 2606 2045 2674 havria
2091 2606 2331 2673 havuto
2394 2605 2607 2693 quello
2650 2607 2984 2694 risguardo
3030 2607 3151 2674 che
3194 2610 3250 2674 si
3270 2622 3342 2676 20

581 2717 748 2782 deve
795 2739 833 2780 a
877 2716 940 2780 la
983 2737 1255 2802 persona
1301 2714 1368 2780 di
1414 2714 1546 2780 Sua
1589 2713 1843 2779 Maesta
1890 2723 1956 2779 et
2000 2737 2038 2779 a
2082 2715 2145 2779 la
2188 2713 2551 2801 particula?
2595 2713 2925 2779 affettione
2970 2714 3090 2781 che
3120 2714 3251 2781 Sua

585 2824 840 2889 Santita
883 2825 973 2908 gli
1019 2824 1205 2887 tiene.

762 2931 1015 2995 Mentre
1060 2929 1226 2995 ch’io
1271 2928 1694 3015 gl'exponeva
1724 2937 1970 3014 questo,
2017 2927 2149 2993 Sua
2178 2929 2432 2995 Maesta
2478 2951 2730 3016 appena
2772 2937 3012 3015 poteva
3055 2927 3253 2995 havet

582 3039 889 3127 patientia
948 3037 1244 3102 d'udirnu'
1261 3086 1277 3116 ‚
1347 3059 1473 3099 non
1543 3035 1778 3122 perche
1834 3035 1922 3120 gli
1982 3033 2376 3120 dispiaeesse
2437 3033 2693 3101 l’officio
2751 3034 2918 3101 fatto
2978 3034 3065 3099 da
3122 3034 3253 3101 Sua

585 3145 863 3223 Santita,
926 3144 1113 3229 quale
1174 3143 1249 3207 fu
1305 3144 1593 3208 rieevuto
1650 3145 1717 3205 in
1778 3141 1948 3206 bona
2004 3151 2215 3227 parte,
2274 3164 2380 3207 ma
2435 3140 2668 3228 perche
2725 3141 2816 3227 gli
2872 3143 3076 3228 parve
3132 3142 3335 3208 che25

585 3261 812 3339 questo
870 3274 986 3316 suo
1045 3250 1410 3316 adversario
1469 3248 1747 3314 facendo
1806 3248 1954 3312 mali
2014 3247 2217 3313 effetti
2274 3271 2394 3336 per
2448 3258 2615 3314 tutte
2673 3249 2733 3314 le
2780 3251 2884 3313 vie
2941 3248 3062 3313 che
3106 3253 3252 3335 pub,

586 3358 796 3425 cerchi
843 3357 1116 3424 anchora
1145 3378 1267 3422 con
1312 3355 1605 3420 simulate
1651 3354 1886 3441 parole,
1932 3353 2357 3420 mostrandosi
2393 3353 2764 3420 desideroso
2811 3354 2878 3419 di
2922 3378 3104 3442 pace,
3148 3378 3252 3420 ca-

586 3467 785 3533 ricare
845 3464 976 3530 Sua
1031 3463 1288 3529 Maesta
1359 3483 1664 3548 appresso
1731 3464 1883 3525 tutti
1951 3460 1998 3525 li
2065 3464 2380 3548 potentati
2449 3472 2516 3527 et
2581 3463 2879 3527 massime
2947 3484 3252 3549 appraeso

586 3572 825 3638 Nostro
872 3571 1156 3656 Signore.
1253 3579 1319 3634 et
1360 3570 1446 3633 mi
1496 3568 1666 3633 disse
1713 3569 1833 3633 che
1879 3590 2009 3633 non
2062 3567 2294 3633 voleva
2351 3567 2702 3634 concedere
2762 3569 3251 3635 salvoeondutto

589 3703 628 3745 a
672 3701 941 3766 persona
985 3679 1216 3743 alcuna
1257 3698 1373 3763 per
1426 3677 1643 3740 venire
1690 3697 1729 3739 a
1786 3674 1992 3740 Roma
2050 3680 2128 3738 ne
2174 3698 2290 3761 per
2347 3674 2583 3740 andare
2640 3675 2919 3754 amove,
2981 3678 3171 3741 etiam
3216 3687 3337 3741 a30

587 3785 1009 3871 l'imperatore
1058 3808 1172 3848 suo
1217 3783 1469 3849 fratello
1514 3805 1632 3869 per
1675 3791 1940 3846 trattare
1985 3780 2049 3846 la
2092 3803 2269 3867 pace.
2347 3789 2409 3845 et
2442 3780 2560 3846 che
2607 3805 2677 3846 se
2708 3783 2755 3845 il
2792 3781 3097 3848 Vaivoda
3141 3805 3253 3848 vo-

588 3893 736 3958 leva
779 3892 915 3956 fare
961 3901 1187 3977 questo
1247 3898 1539 3969 trattatO,
1596 3889 1937 3955 mandasse
1997 3912 2121 3974 qua
2179 3911 2452 3974 persona
2505 3888 2739 3954 idonea
2783 3912 2907 3953 con
2954 3889 3253 3955 mandato

590 3998 915 4065 effettuale
974 4008 1038 4062 et
1101 4019 1252 4063 vero
1310 4021 1437 4062 non
1495 3996 1632 4061 solo
1692 4019 1809 4082 per
1868 3996 2149 4060 trattarla
2168 4045 2183 4074 ,
2230 4017 2331 4058 ma
2378 4017 2492 4081 per
2536 3994 2977 4074 concluderla,
3023 3995 3253 4082 perche

591 4129 718 4171 non
765 4105 995 4171 voleva
1040 4105 1158 4169 che
1204 4108 1259 4169 si
1305 4102 1719 4168 concludesse
1768 4104 2011 4167 altrove
2057 4103 2176 4166 che
2222 4125 2378 4186 qua;
2440 4111 2505 4165 et
2563 4100 2622 4164 la
2678 4103 2936 4185 ragione
2984 4125 3092 4166 era
3136 4102 3253 4166 che

593 4214 638 4278 il
683 4212 976 4300 predetto
1027 4212 1326 4278 Vaivoda
1372 4218 1405 4273 ὂ
1468 4234 1652 4274 nomo
1707 4209 1774 4274 di
1821 4221 1999 4275 tanta
2044 4208 2391 4273 instabilita
2437 4208 2670 4272 astutia
2715 4217 2782 4271 et
2822 4207 3093 4294 perfidia
3138 4208 3336 4274 ehe35

744 4482 785 4549 ¹)
836 4481 995 4535 Wohl
1042 4482 1104 4533 in
1156 4480 1274 4532 dem
1327 4480 1646 4533 vertor-enen
1683 4478 1980 4532 Schreiben
2026 4477 2142 4532 122⁸
2184 4494 2301 4532 vom
2349 4480 2420 4532 21
2457 4477 2622 4531 Mdv-2
2656 4476 2721 4542 (s.
2758 4491 2807 4529 0.
2844 4493 2933 4530 nr.
2972 4479 3103 4545 34),
3150 4494 3257 4532 von

596 4570 717 4626 dem
753 4570 984 4624 Morene
1019 4571 1200 4623 weiter
1235 4576 1410 4642 unten
1448 4568 1533 4620 als
1570 4568 1688 4620 clem
1728 4568 2165 4621 letzterhaltenen
2201 4567 2437 4634 spricht;
2490 4565 2590 4619 der
2628 4564 2870 4630 Bischof
2904 4581 3015 4620 von
3052 4566 3257 4621 stam-

594 4660 882 4730 sylcanien
919 4660 996 4711 ist
1033 4657 1258 4711 Johann
1286 4656 1549 4711 Statilius
1586 4656 1799 4720 (dessen
1828 4655 2075 4708 Eintritt
2118 4655 2288 4708 Gams
2325 4653 2625 4722 allerdinys
2660 4659 2770 4707 erat
2806 4668 2879 4706 zu
2913 4657 3057 4707 1538
3084 4657 3255 4723 som).

607 4748 722 4821 Vyc.
761 4755 937 4801 umen
971 4763 1088 4799 ππ.
1128 4750 1201 4801 62
1237 4763 1295 4799 u.
1333 4750 1419 4799 85.

3442 0 3496 419 ¹
