3500 5300
1206 381 1305 437 No·
1346 384 1441 436 10:
1483 384 1621 437 1536
1660 384 1937 438 november
1980 385 2060 439 17.
2898 384 2969 442 8³3

303 576 346 641 il
406 579 715 658 scrivere,
785 577 1315 664 persuadendomi
1389 578 1505 644 che
1578 601 1754 644 come
1815 579 1900 666 gli
1962 582 2107 645 sara
2165 588 2346 665 grato
2417 580 2745 645 intendere
2806 580 2964 646 ch'io

306 683 542 749 habbia
595 684 665 748 in
724 692 903 771 parte
962 686 1294 773 exequitO,
1362 688 1494 752 cosi
1540 686 1864 751 m'havera
1908 708 2024 773 per
2070 688 2276 751 iscuso
2323 687 2387 750 di
2435 686 2642 774 quello
2691 710 2808 752 ove
2853 710 2967 774 per

304 790 470 857 bono
516 791 642 856 fine
688 813 842 856 sono
889 800 1200 876 mancato,
1248 799 1311 857 et
1354 795 1407 858 si
1456 794 1743 879 dignaris,
1794 814 1970 858 come
2020 816 2203 880 spero
2249 802 2311 858 et
2342 815 2521 859 come
2567 793 2648 860 lei
2694 816 2808 880 per
2853 818 2967 859 sua

301 897 496 963 bonta
539 899 627 963 mi
674 900 947 986 promise
993 897 1120 963 alla
1164 901 1402 987 partita
1446 902 1593 982 mia,
1641 900 1707 965 di
1753 899 2039 965 scaldare
2084 899 2383 988 alquanto
2416 900 2646 966 Nostro
2680 901 2965 987 Signore,

237 1018 275 1069 5
299 1004 594 1071 accioche
641 1007 690 1069 si
739 1028 946 1090 venga
993 1028 1031 1070 a
1080 1013 1300 1093 questo
1347 1008 1699 1072 necessario
1747 1006 1961 1072 effetto
2008 1005 2109 1072 del
2156 1006 2440 1072 concilio.

474 1111 682 1178 Credo
743 1112 861 1178 che
921 1111 977 1177 16
1039 1135 1182 1178 cose
1242 1114 1308 1179 di
1368 1112 1716 1179 Germania
1779 1112 1841 1178 al
1901 1121 2189 1200 presente
2248 1116 2425 1181 siano
2487 1115 2553 1179 in
2616 1138 2743 1179 uno
2804 1122 2965 1180 stato

294 1218 486 1285 molto
533 1218 782 1284 diverso
841 1219 926 1283 da
972 1218 1179 1307 quello
1247 1219 1363 1284 che
1411 1220 1486 1284 V.
1537 1221 1598 1285 S.
1647 1218 1706 1285 le
1749 1220 1974 1285 lascio:
2036 1219 2270 1307 perche
2329 1221 2579 1304 alhora,
2639 1221 2804 1287 forse
2848 1244 2966 1309 per

292 1325 353 1391 16
397 1326 694 1392 violentie
753 1325 868 1392 che
933 1327 1269 1392 s’usavano
1330 1327 1416 1393 da
1473 1327 1517 1392 li
1564 1326 1873 1393 Catholici
1933 1336 2153 1393 contra
2211 1327 2555 1414 gl’heretici
2615 1337 2678 1393 et
2737 1351 2771 1393 e
2818 1351 2963 1393 con-

294 1456 506 1515 verso,
565 1456 805 1521 pareva
859 1433 1016 1498 che'l
1072 1433 1213 1499 foco
1274 1434 1339 1498 di
1400 1441 1620 1522 queste
1680 1433 1920 1500 heresis
1975 1434 2145 1500 fusse
2205 1437 2370 1499 assai
2430 1435 2756 1521 maggiore
2803 1434 2965 1501 ch'al

201 1558 273 1611 10
294 1548 597 1629 presente.
689 1563 793 1605 ma
857 1547 1027 1606 certo
1085 1548 1308 1629 questa
1366 1548 1542 1627 peste
1601 1540 1685 1605 ha
1742 1562 1928 1629 preso
1989 1543 2155 1606 assai
2216 1542 2540 1626 maggiore
2598 1551 2961 1627 augmentO,

291 1670 410 1735 per
454 1655 690 1735 quanto
738 1650 790 1713 si
852 1649 934 1734 po
979 1647 1239 1731 vedere,
1301 1648 1536 1734 perche
1583 1647 1849 1713 essendo
1896 1647 2070 1714 licito
2117 1648 2201 1713 ad
2259 1670 2513 1733 ognuno
2560 1649 2817 1714 credere
2864 1651 2962 1715 cio

291 1753 411 1820 6116
456 1752 749 1841 vogliono
797 1777 925 1819 non
972 1753 1103 1820 solo
1150 1777 1229 1820 ne
1276 1753 1321 1819 li
1366 1756 1541 1840 paesi
1589 1777 1708 1820 ove
1753 1752 1800 1819 li
1846 1755 2122 1842 principi
2168 1777 2325 1820 sono
2373 1757 2810 1839 contaminati,
2856 1779 2964 1821 ma

290 1861 572 1927 anchora
616 1863 682 1927 in
724 1860 916 1949 quelli
962 1883 1083 1927 ove
1129 1884 1282 1927 sono
1316 1860 1631 1941 catholici,
1677 1861 1721 1926 li
1768 1861 1983 1949 popoli
2030 1884 2183 1927 sono
2216 1861 2512 1927 talmente
2558 1862 2802 1928 confusi
2846 1862 2962 1929 che

291 1991 421 2034 non
468 1990 666 2034 sanno
712 1992 752 2033 a
796 1967 982 2056 quale
1030 1970 1324 2055 opinione
1370 1971 1424 2033 si
1468 1967 1765 2033 debbano
1813 1975 2148 2035 acoostare.
2215 1975 2277 2033 et
2322 1968 2386 2031 di
2434 1977 2681 2056 queste,
2728 1968 2959 2035 haven-

198 2094 268 2148 15
292 2076 441 2141 dolo
486 2077 547 2141 io
593 2075 828 2141 veduto
874 2075 978 2140 nel
1024 2082 1278 2142 contato
1325 2076 1391 2141 di
1437 2074 1653 2141 Tirole
1697 2082 1763 2140 et
1808 2097 1888 2140 ne
1933 2074 1998 2140 la
2027 2076 2280 2141 Bavera
2325 2082 2387 2141 et
2432 2077 2498 2139 in
2545 2074 2755 2140 alcuni
2795 2075 2958 2141 lochi

293 2185 404 2271 qui
451 2182 530 2247 de
580 2180 901 2264 l'Austria,
946 2205 1027 2247 116
1073 2204 1259 2269 posso
1306 2183 1572 2248 rendere
1620 2189 1794 2247 certo
1841 2184 2216 2247 testimonio.
2310 2189 2373 2247 et
2418 2182 2515 2247 fra
2569 2182 2769 2247 l’altre
2817 2206 2959 2248 cose

291 2290 430 2355 diro
478 2288 565 2354 sol
616 2297 839 2376 questa
885 2287 1048 2354 ch’in
1110 2290 1300 2355 molte
1347 2297 1511 2354 terre
1556 2310 1774 2376 grosse
1821 2296 1885 2353 et
1930 2288 2078 2353 ville
2124 2288 2181 2354 le
2228 2312 2378 2354 cure
2434 2311 2586 2354 sono
2632 2286 2958 2354 abbando-

290 2404 471 2477 nate,
534 2395 770 2483 perche
829 2417 953 2461 non
1013 2397 1082 2460 vi
1141 2419 1296 2461 sono
1361 2398 1556 2483 preti,
1616 2396 1683 2460 di
1728 2396 1920 2461 modo
1965 2394 2081 2461 che
2142 2395 2184 2460 li
2231 2394 2447 2483 popoli
2491 2404 2742 2461 restano
2788 2398 2957 2483 privi

288 2504 371 2569 de
417 2504 815 2585 sacramenti,
876 2503 1065 2567 etiam
1112 2501 1228 2567 che
1273 2525 1387 2590 per
1431 2502 1594 2567 altro
1640 2502 1882 2567 fussero
1931 2503 1996 2567 di
2044 2501 2215 2567 bona
2257 2510 2485 2567 mente.
2557 2511 2622 2566 et
2666 2501 2957 2569 havendo

194 2609 658 2683 mdimandato
718 2608 780 2675 la
834 2632 1029 2674 causa
1086 2632 1200 2697 per
1269 2609 1332 2674 la
1389 2608 1576 2697 quale
1633 2630 1762 2674 non
1820 2610 1875 2675 si
1946 2609 2138 2674 fanno
2203 2608 2545 2691 sacerdoti,
2614 2611 2697 2673 m’
2746 2609 2956 2677 hanno

288 2721 560 2805 risposto
606 2716 974 2783 ch'essendo
1021 2739 1278 2803 ognuno
1325 2739 1583 2804 suspeso
1629 2723 1694 2781 et
1724 2715 1992 2781 dubioso
2040 2717 2334 2802 vogliono
2383 2722 2698 2802 aspettare
2743 2717 2807 2781 la
2851 2718 2955 2783 de-

287 2825 733 2891 terminatione
779 2822 882 2888 del
930 2823 1235 2907 concili03
1306 2830 1368 2888 et
1412 2825 1479 2888 in
1527 2830 1747 2911 questo
1795 2845 2007 2889 mezzo
2056 2821 2218 2889 oltra
2262 2822 2308 2888 il
2353 2823 2725 2889 detrimento
2773 2824 2851 2888 de
2895 2822 2955 2889 le

287 2933 502 2997 anime
560 2929 726 3019 qual'
775 2933 922 3017 ogni
966 2932 1189 3017 giorno
1248 2953 1505 2996 moreno
1529 2980 1546 3012 ,
1593 2937 1656 2995 et
1716 2930 1876 2995 oltra
1934 2930 1978 2995 il
2024 2929 2167 2995 mal'
2214 2928 2429 2994 habito
2479 2928 2627 3016 qual
2673 2930 2862 2996 fanno
2908 2931 2955 2996 li

286 3040 443 3120 vivi,
489 3038 549 3103 le
594 3038 740 3103 dote
784 3036 1065 3102 anchora
1108 3044 1170 3102 et
1215 3036 1257 3101 li
1307 3035 1457 3101 beni
1502 3037 1583 3102 de
1628 3036 1692 3103 la
1735 3035 1949 3102 chiesa
1994 3059 2146 3101 sono
2192 3038 2510 3123 usurpati,
2575 3060 2701 3100 non
2748 3060 2952 3102 essen-

194 3163 267 3217 25
288 3147 441 3212 dovi
488 3145 590 3209 chi
634 3145 697 3210 n'
745 3143 983 3210 habbia
1039 3166 1226 3228 cura,
1286 3143 1351 3209 di
1396 3144 1588 3209 modo
1634 3143 1751 3208 che
1798 3144 1875 3207 V.
1923 3144 1984 3208 S.
2031 3145 2113 3229 po
2161 3142 2525 3208 consideran·
2568 3151 2804 3229 quanto
2860 3146 2953 3209 sia

285 3253 641 3319 necessario
689 3250 1009 3317 celebrare
1056 3258 1274 3339 questo
1321 3250 1585 3316 concilio
1633 3273 1670 3316 o
1715 3273 1831 3338 per
1875 3250 2122 3314 ridurre
2168 3248 2211 3313 li
2258 3248 2513 3314 heretici
2561 3272 2598 3314 0
2645 3273 2759 3336 per
2804 3273 2950 3316 con-

285 3361 543 3425 firmare
595 3359 640 3424 li
708 3358 919 3447 pusilli
990 3381 1027 3424 o
1086 3381 1201 3446 per
1259 3356 1614 3423 confortare
1672 3357 1717 3420 li
1778 3355 1929 3422 boni
1945 3406 1963 3438 ,
2022 3355 2192 3443 quali
2253 3363 2423 3421 certo
2469 3354 2947 3423 rimarrebbono

285 3468 602 3554 desperati
657 3465 941 3553 quand0,
1000 3488 1114 3552 per
1172 3464 1322 3552 qual
1382 3486 1576 3530 causa
1622 3465 1674 3528 si
1722 3462 1963 3550 voglia,
2028 3465 2081 3528 si
2125 3462 2364 3527 facesse
2410 3461 2739 3547 dilatione,
2787 3464 2950 3530 oltra

283 3573 402 3640 che
445 3573 675 3638 dicono
721 3572 837 3637 che
884 3574 935 3637 si
990 3573 1131 3637 fara
1175 3573 1284 3659 qui
1328 3594 1457 3637 uno
1504 3571 1769 3636 concilio
1829 3567 2252 3657 provinciale,
2308 3590 2487 3634 come
2533 3570 2568 3633 ὸ
2616 3578 2776 3635 stato
2826 3581 2948 3636 sta-

190 3696 262 3750 30
283 3679 464 3745 bilito
510 3681 576 3744 in
608 3678 800 3744 molte
829 3679 1012 3761 dicte,
1060 3678 1140 3743 de
1186 3677 1244 3743 le
1274 3676 1446 3764 quali
1478 3678 1555 3742 V.
1589 3678 1649 3744 S.
1684 3678 1768 3742 116
1799 3675 1969 3742 110116
1998 3677 2458 3741 informatione.
2527 3684 2591 3740 et
2620 3675 2947 3743 facendosi

281 3809 558 3853 saranno
590 3786 845 3852 sforzati
875 3807 992 3851 con
1038 3783 1271 3872 gl'altri
1303 3792 1553 3850 entrare
1582 3806 1662 3848 ne
1707 3784 1767 3849 le
1798 3783 2305 3848 determinationi
2337 3783 2655 3845 communi
2689 3783 2747 3847 al
2781 3791 2946 3850 resto

281 3897 363 3962 de
409 3893 472 3960 la
517 3893 867 3961 Germania
911 3899 974 3958 et
1019 3891 1384 3959 sottrahersi
1429 3891 1514 3957 da
1558 3890 1961 3956 l'obedientia
2007 3889 2085 3953 de
2130 3888 2195 3953 la
2240 3888 2387 3953 sede
2433 3889 2793 3975 apostolica.

461 4001 650 4069 Circa
693 3999 757 4066 la
803 4023 1065 4088 compra
1109 4000 1190 4065 de
1245 3998 1290 4064 li
1334 3998 1480 4064 libri
1541 4021 1667 4063 non
1714 3998 1797 4063 ho
1844 4005 2100 4083 possuto
2148 3997 2228 4060 116
2275 3995 2493 4082 potero
2541 3996 2844 4062 mandare
2901 3997 2945 4062 11

280 4111 515 4197 pretio,
573 4107 805 4196 perche
851 4109 933 4172 ne
979 4109 1090 4194 qui
1136 4106 1218 4171 ho
1265 4129 1385 4171 ove
1430 4104 1671 4192 poterlo
1718 4107 2028 4170 ritrovare
2088 4112 2152 4168 et
2208 4124 2323 4189 per
2368 4124 2537 4166 esser
2583 4105 2784 4189 sparsi
2831 4127 2945 4190 per

189 4230 260 4284 35
281 4225 447 4282 tutta
476 4215 540 4280 la
569 4214 916 4282 Germania
946 4235 1065 4279 con
1096 4214 1518 4300 grandissima
1548 4235 1732 4300 spesa
1763 4219 1824 4277 et
1855 4210 2155 4276 dilatione
2200 4210 2267 4273 di
2299 4215 2509 4296 tempo
2555 4211 2605 4272 si
2637 4209 2943 4296 potrebbe

279 4324 531 4390 havere.
622 4329 684 4388 et
728 4321 983 4411 quando
1030 4321 1259 4387 Nostro
1290 4321 1554 4407 Signore
1585 4319 1867 4384 delibera
1912 4317 2028 4383 che
2076 4318 2126 4382 si
2173 4317 2497 4402 comprino
2544 4318 2747 4403 questi
2777 4315 2942 4399 libri,

278 4431 470 4498 credo
533 4431 700 4495 saria
759 4428 918 4494 bene
965 4428 1081 4495 che
1126 4428 1258 4495 Sua
1304 4428 1549 4493 Santita
1593 4426 1927 4492 mandasse
1973 4423 2238 4513 qualche
2294 4424 2563 4509 giovene
2609 4422 2856 4488 literato
2902 4446 2943 4488 a

277 4546 496 4627 posta,
558 4535 744 4625 quale
805 4559 927 4603 con
982 4558 1144 4623 poca
1189 4558 1374 4622 spesa
1429 4533 1871 4600 trascorrendo
1918 4538 2081 4597 tutta
2136 4529 2199 4595 la
2244 4530 2591 4597 Germania
2635 4527 2941 4616 potrebbe

278 4644 649 4713 coadunarli
694 4653 757 4710 et
803 4643 1116 4709 mandarli
1159 4644 1226 4707 in
1269 4641 1483 4725 Italia,
1530 4663 1597 4706 se
1641 4663 1682 4705 a
1726 4640 1860 4706 Sua
1904 4640 2155 4706 Santita
2198 4660 2327 4703 non
2373 4637 2650 4723 piacesse
2695 4638 2941 4722 seguire

190 4752 322 4820 4011
369 4750 629 4818 consilio
673 4751 740 4816 di
783 4752 1150 4836 monsignor
1194 4748 1259 4813 di
1305 4749 1570 4815 Vienna.

2433 4850 2512 4906 6*

3041 584 3179 634 1536

2986 651 3118 707 Dec.
3159 657 3226 705 17
