3500 5300
415 518 554 567 1536

603 314 712 375 370
1721 314 1821 370 No.
1859 315 1961 369 1*:
2001 313 2156 369 1536.

606 512 929 579 trienalem
994 514 1445 600 possessionem
1508 512 1584 575 lis
1642 513 1988 575 intentatur
2046 518 2110 574 et
2167 508 2395 574 deinde
2457 508 2539 573 ad
2599 508 2831 573 multos
2874 530 3081 572 annos
3127 530 3283 572 con·

605 624 954 709 quiescunt,
1004 628 1073 684 ut
1120 622 1167 683 si
1218 620 1465 683 interim
1527 619 1862 700 moriatur,
1924 624 2291 701 surrogetur
2352 638 2672 703 possessor
2730 614 3115 701 collitigans‚
3166 615 3280 678 ad·

606 726 807 792 hiberi
854 735 1064 814 posset
1109 726 1454 790 remedium
1505 733 1571 789 ut
1605 725 1819 809 regule
1859 723 1940 788 de
1974 723 2385 808 surrogandis
2414 721 2883 808 colitigantibus
2929 722 3280 787 adderetur

605 857 731 900 non
766 834 1011 899 dandas
1041 834 1504 918 surrogationes
1551 855 1666 896 nec
1713 831 1801 896 illi
1848 831 2065 916 regule
2110 831 2318 895 locum
2366 832 2498 894 fore
2532 853 2674 894 cum
2723 828 2889 894 ultra
2930 831 3273 895 triennium

607 941 682 1006 lis
728 940 1169 1028 perduraverit
1214 947 1325 1004 aut
1369 940 1619 1004 nonnisi
1667 939 1797 1004 lata
1846 962 1970 1003 una
2015 939 2234 1003 saltem
2281 940 2345 1001 in
2392 939 2676 1003 favorem
2717 939 3096 1024 possessoris
3140 959 3276 1001 sen·
3325 947 3358 999 5

606 1050 835 1131 tentia,
903 1071 1030 1136 qua
1097 1048 1482 1135 presumptio
1554 1048 1715 1112 foret
1782 1068 1910 1109 non
1981 1045 2235 1127 fraude,
2305 1045 2413 1109 sed
2486 1067 2569 1108 ex
2643 1043 2810 1108 bono
2869 1045 3022 1130 jure
3101 1043 3272 1109 litem

607 1158 979 1221 intentatam
1010 1159 1082 1238 ⁸).

785 1355 884 1417 ,18.
933 1354 1027 1415 19.
1074 1355 1181 1416 20.
1228 1355 1328 1417 21.
1419 1351 1740 1430 Quoniam
1803 1372 1954 1414 vero
2021 1360 2118 1416 18.
2171 1361 2272 1416 19.
2322 1358 2422 1414 20.
2478 1356 2542 1412 et
2589 1358 2691 1415 21.
2736 1351 3114 1434 gravamine
3172 1348 3275 1412 de-

608 1467 920 1523 testantur
978 1458 1432 1523 reservationes
1490 1479 1813 1542 regressus
1870 1465 1933 1521 et
1991 1458 2355 1543 pensiones,
2425 1458 2606 1543 quasi
2665 1454 2995 1520 curialium
3061 1456 3276 1519 favore

610 1564 1071 1630 ordinariorum
1119 1566 1464 1629 auctoritas
1513 1566 1869 1646 minuatur,
1917 1562 2228 1627 benefitiis
2274 1563 2566 1627 ineruditi
2615 1561 2925 1627 inhabiles
2971 1571 3036 1626 et
3081 1564 3276 1649 inepti
3295 1573 3358 1626 10

607 1673 1016 1759 preficiantur
1036 1674 1537 1758 pensionumque
1570 1693 1758 1735 onere
1781 1680 2129 1756 graventur
2160 1678 2434 1734 rectores
2458 1669 2924 1734 benefitiorum:
2955 1671 3024 1733 in
3055 1671 3276 1756 primis

610 1778 934 1844 reddenda
979 1788 1074 1843 est
1118 1780 1276 1843 ratio
1321 1780 1842 1856 reservationum,
1891 1787 2021 1841 tam
2070 1779 2312 1842 ratione
2358 1777 2802 1841 familiaritatis
2847 1776 3278 1840 Romanorum

612 1885 980 1972 pontificum
1026 1894 1089 1951 et
1136 1895 1351 1950 sancte
1382 1886 1666 1949 Romane
1712 1885 1977 1948 ecclesie
2009 1883 2425 1948 cardinalium
2472 1892 2536 1947 et
2582 1883 2946 1949 officialium
2993 1884 3278 1947 Romane

612 1995 816 2070 curie,
879 2015 1068 2079 quam
1116 1994 1682 2078 expectativarum‚
1745 1990 2189 2056 mandatorum
2249 1991 2330 2055 de
2388 1991 2783 2077 providendo
2832 1999 2945 2054 aut
2989 2013 3113 2078 que
3161 1990 3277 2054 sub

611 2099 752 2163 aliis
797 2098 1083 2165 formulis
1115 2099 1571 2186 expediuntur:
1619 2098 2019 2184 dicimusque
2054 2099 2192 2184 jam
2233 2100 2418 2162 annis
2454 2109 2581 2165 350
2628 2109 2913 2184 receptas
2942 2106 3008 2162 et
3053 2120 3278 2184 appro-
3300 2108 3363 2158 15

613 2205 798 2271 batas
842 2205 1203 2291 hujusmodi
1251 2207 1722 2270 reservationes.
1815 2214 2097 2292 tempore
2143 2207 2308 2270 enim
2355 2205 2697 2269 Clementis
2743 2204 2882 2286 111.,
2931 2206 3038 2290 qui
3070 2204 3278 2268 floruit

614 2337 783 2377 anno
837 2322 1027 2394 1188,
1074 2313 1245 2377 edita
1290 2323 1383 2376 est
1415 2313 1779 2376 constitutio
1812 2334 1933 2399 que
1965 2311 2236 2375 habetur
2267 2314 2333 2375 in
2367 2335 2416 2376 c.
2453 2325 2490 2377 2
2524 2312 2606 2377 de
2638 2310 2894 2397 preben.
2940 2310 3102 2375 libro
3137 2322 3175 2378 6
3209 2311 3278 2393 ¹),

616 2443 733 2507 per
784 2443 975 2506 quam
1024 2418 1357 2505 specialius
1401 2428 1807 2484 reservantur
1855 2418 2149 2483 benefitia
2178 2418 2615 2483 decedentium
2663 2420 2727 2482 in
2771 2419 3058 2482 Romana
3103 2420 3280 2482 curia

618 2527 1007 2614 dispositioni
1068 2527 1337 2591 Romani
1394 2526 1726 2613 pontificis.
1817 2536 1879 2590 et
1936 2528 1998 2589 in
2061 2549 2116 2591 c.
2179 2547 2324 2589 cum
2382 2524 2648 2590 dilectus
2713 2525 2795 2589 de
2851 2525 3001 2609 jure
3073 2533 3277 2609 patro·

763 2746 804 2791 a)
833 2742 933 2782 Red.
963 2744 980 2780 1
1009 2742 1268 2781 &aratu-orici
1296 2742 1381 2781 dies
1404 2742 1628 2781 marouwa
1659 2741 1991 2793 :russeus-licha:
2020 2741 2119 2781 Nisi
2138 2742 2303 2787 essent.
2330 2742 2442 2791 Imm
2467 2752 2509 2780 es
2539 2742 2638 2789 hic-⁴,
2668 2740 2743 2789 qui
2773 2740 2954 2793 injustis
2981 2740 3280 2781 benefitiorum
3299 2731 3368 2784 20

614 2812 943 2864 possessoribus
985 2812 1210 2863 nogotium
1239 2812 1525 2857 facesserent.
1566 2824 1660 2852 cum
1698 2812 1846 2863 plures
1886 2810 1981 2853 sint
2018 2814 2168 2853 curata
2195 2811 2445 2852 obtinentes
2485 2811 2693 2851 benefitia
2731 2811 2805 2860 qui
2835 2812 2889 2852 ad
2929 2822 3080 2852 sacros
3105 2812 3282 2853 ordines

617 2895 717 2925 sese
755 2884 993 2934 promoveri
1038 2883 1179 2924 facere
1218 2882 1478 2934 negligunt.
1528 2882 1607 2923 alii
1655 2885 1726 2933 qui
1767 2883 1990 2924 inhabiles
2030 2882 2237 2924 benefitia
2277 2894 2531 2933 suscepere.
2569 2882 2770 2924 nonnulli
2813 2883 2887 2933 qui
2933 2882 3284 2935 incompatibilia

617 2955 831 3003 obtinent,
864 2966 989 3004 quam
1018 2954 1166 3006 plures
1195 2954 1415 2996 criminosi
1443 2969 1470 2995 a
1498 2954 1685 2995 locorum
1728 2954 1961 2995 ordinariis
1989 2954 2211 3002 tollenti,
2241 2954 2432 3005 profecto
2462 2953 2748 2994 sanctissime
2776 2955 2900 3006 leges
2929 2956 3095 3005 passim
3122 2955 3283 2995 violata

612 3026 825 3079 jacerent.
884 3027 1108 3077 propterea
1138 3037 1221 3066 non
1252 3026 1584 3073 condemnandi,
1614 3026 1691 3066 sed
1721 3025 1982 3066 confovendi
2014 3028 2063 3066 ut
2085 3025 2265 3076 justitie
2293 3024 2514 3066 satellites
2545 3025 2621 3074 qui
2649 3025 2821 3066 talibus
2850 3026 2956 3066 lites
2984 3028 3174 3067 movent.

765 3097 810 3136 Si
839 3108 938 3138 vero
968 3097 1167 3137 nonnulli
1197 3098 1280 3138 hac
1307 3098 1475 3138 ratione
1506 3099 1739 3148 pensiones
1769 3097 1948 3137 aliunde
1977 3098 2298 3146 assequuntur,
2329 3096 2366 3136 si
2396 3097 2515 3137 tedio
2545 3096 2640 3138 litis
2669 3096 2712 3136 id
2744 3098 3016 3138 concesserit
3039 3088 3366 3147 Μαῦροι-,ᾗ

618 3169 706 3210 sibi
746 3168 932 3219 imputet
974 3170 1085 3217 qnod
1129 3169 1173 3209 id
1230 3169 1434 3210 maluerit
1471 3180 1594 3217 quam
1626 3169 1747 3208 litem
1779 3168 1981 3219 prosequi
2021 3170 2317 3219 reportaturus
2347 3167 2574 3208 victorium
2609 3170 2660 3208 et
2693 3168 2794 3209 litis
2835 3169 3072 3219 impensas.
3125 3168 3284 3218 quodsi

618 3240 795 3281 diffisus
819 3240 916 3292 jure
945 3250 1023 3281 sue
1055 3240 1097 3280 id
1127 3240 1297 3286 fecerit,
1328 3241 1495 3290 gratias
1525 3240 1632 3291 agat
1659 3240 1770 3288 quod
1800 3251 1876 3290 per
1904 3240 2008 3280 lites
2040 3251 2118 3280 sue
2146 3239 2393 3280 consultum
2422 3239 2485 3279 sit
2512 3239 2784 3280 conscientie
2813 3241 2859 3280 et
2886 3240 3000 3289 quod
3029 3239 3158 3280 illius
3184 3252 3284 3291 para

619 3311 705 3352 sibi
735 3311 795 3351 sit
812 3311 1045 3362 permissa,
1073 3322 1169 3352 cum
1198 3313 1337 3352 totum
1365 3311 1522 3352 auferri
1553 3311 1789 3361 potuisset.

762 3381 843 3422 His
870 3384 1017 3422 umen
1047 3382 1122 3431 qui
1152 3383 1358 3423 benefitia
1385 3394 1466 3423 sua
1495 3383 1661 3432 absque
1689 3383 1805 3423 omni
1833 3382 2128 3424 controversia
2159 3382 2282 3435 justo
2310 3381 2448 3423 titulo
2488 3383 2535 3423 et
2562 3382 2676 3423 bona
2714 3382 2800 3422 fide
2829 3381 2991 3423 multos
3028 3383 3115 3433 ,iam
3144 3394 3284 3423 annes

619 3453 767 3503 quiete
794 3453 1097 3504 possederint,
1139 3453 1403 3495 cancellarie
1433 3454 1582 3504 regule
1612 3464 1720 3503 quus
1749 3453 1951 3494 Germani
1991 3454 2158 3494 totiens
2189 3454 2488 3501 detestantur,
2534 3455 2653 3495 recte
2683 3453 2976 3499 subveniunt.
3019 3465 3116 3494 cum
3147 3454 3285 3494 triu·-
3303 3446 3368 3498 3]

620 3525 745 3566 nales
774 3536 1052 3574 possessores
1091 3536 1221 3576 super
1247 3525 1451 3566 benefitio
1491 3526 1535 3566 in
1569 3525 1643 3576 jus
1674 3524 1820 3567 vocari
1861 3524 2157 3569 inhibueriutz
2187 3526 2345 3575 quibus
2383 3525 2512 3566 etiam
2553 3525 2725 3576 regulis
2762 3524 2906 3566 fraudi
2934 3524 3179 3566 occur-fitur
3204 3536 3285 3575 qus

622 3595 855 3648 subjicitur
883 3597 996 3646 quod
1028 3596 1201 3636 scilicet
1228 3596 1411 3647 plurium
1441 3608 1646 3637 annorum
1682 3608 1959 3647 possessores
1990 3596 2034 3636 in
2069 3597 2144 3647 jus
2176 3597 2385 3637 vocantur
2412 3598 2462 3637 ut
2500 3596 2594 3636 illis
2622 3597 2941 3637 decedentibus
2969 3596 3288 3648 collitigatorca

624 3669 918 3718 surrogentur,
960 3679 1055 3707 cum
1093 3680 1167 3718 per
1193 3668 1370 3718 regulas
1400 3668 1642 3718 denegatur
1683 3667 1928 3718 surrogatio
1967 3666 2040 3707 his
2080 3667 2154 3717 qui
2191 3670 2293 3719 post
2330 3668 2588 3709 triennalem
2629 3668 2954 3718 possessionem
2984 3668 3109 3709 litem
3139 3668 3290 3709 inten-

618 3738 824 3780 taveriut.

762 3810 823 3852 Ex
853 3810 1011 3860 quibus
1048 3811 1159 3850 satis
1190 3812 1366 3851 constat
1394 3811 1652 3851 cancellarie
1681 3810 1861 3859 regulas
1900 3822 1984 3851 non
2028 3812 2117 3851 tam
2146 3811 2203 3851 ad
2240 3809 2468 3851 curialium
2508 3810 2732 3852 comodum
2759 3813 2935 3863 propter
2963 3822 3039 3852 eas
3067 3823 3151 3861 que
3181 3801 3371 3855 sut35

624 3881 921 3923 benefitiorum
962 3882 1310 3929 reservationes,
1360 3894 1486 3931 qnam
1525 3882 1578 3922 sd
1616 3882 1943 3933 provintialium
1972 3882 2212 3923 utilitatem
2240 3881 2331 3924 fore
2369 3883 2654 3923 constitutas.
2695 3893 2780 3931 que
2815 3884 2854 3923 si
2893 3895 2968 3933 pro
3009 3884 3287 3925 Romami-un

620 3952 874 4005 pontificum
903 3952 1082 3993 arbitrio
1112 3954 1306 4002 figuntur
1334 3954 1377 3993 et
1406 3954 1648 4004 refiguntur
1665 3985 1675 3998 .
1703 3966 1787 3994 non
1830 3955 1901 3993 est
1929 3954 2042 4003 quod
2084 3954 2192 3995 vitio
2220 3953 2361 4003 detur,
2391 3965 2486 3994 cum
2515 3953 2684 4004 private
2712 3954 2807 3995 sint
2834 3954 2974 4005 leges,
3003 3955 3159 4004 quales
3187 3960 3290 3996 sunt

623 4024 853 4065 clvitatum
883 4024 1075 4071 statuta,
1116 4035 1198 4072 que
1226 4036 1305 4075 pro
1342 4037 1479 4065 rorum
1521 4025 1567 4064 et
1596 4026 1836 4075 temporum
1867 4026 2076 4066 varietate
2105 4025 2377 4066 inmutautnr
2412 4035 2494 4065 nec
2522 4026 2573 4065 ut
2599 4026 2809 4076 perpetuo
2838 4025 3184 4077 promulgentur.
3211 4027 3287 4067 scd

623 4095 674 4136 ad
704 4094 927 4146 pontificis
958 4094 1130 4135 edentis
1161 4095 1291 4136 vitam
1322 4097 1546 4143 durature,
1588 4098 1739 4147 utpote
1771 4097 2010 4137 voluntatis
2040 4097 2134 4148 ejus
2166 4096 2473 4143 declaratorie.
2514 4098 2564 4136 et
2598 4097 2685 4147 ipsi
2715 4098 3010 4139 constituenti
3037 4100 3180 4150 legen
3213 4102 3288 4141 im·

622 4168 852 4217 ponentes,
882 4177 967 4207 non
995 4168 1139 4207 autem
1169 4167 1425 4207 successori.
3305 4159 3370 4212 40

767 4236 879 4285 Quis
906 4239 1055 4279 tamen
1086 4238 1215 4278 etiam
1246 4238 1394 4287 regule
1424 4239 1476 4278 de
1506 4239 1680 4279 triennii
1709 4250 1965 4289 possessore
2005 4239 2125 4280 fraus
2164 4240 2236 4280 est
2270 4239 2544 4291 excogitata,
2584 4250 2680 4280 cum
2725 4239 2903 4282 scillcet
2932 4244 3037 4283 aute
3063 4243 3289 4285 &sulen

624 4308 947 4359 possessionem
978 4310 1077 4359 quin
1109 4310 1151 4350 in
1176 4310 1250 4360 Jus
1281 4311 1474 4360 vocatur,
1503 4310 1663 4350 deinde
1693 4311 1968 4359 conquiescit
1996 4312 2119 4351 actor
2145 4312 2201 4350 ad
2230 4310 2392 4351 multos
2423 4322 2559 4351 annos
2587 4313 2652 4359 ut,
2682 4312 2723 4352 si
2752 4312 2932 4353 interim
2960 4314 3168 4355 moriatur
3194 4326 3289 4356 reue

625 4382 672 4420 et
698 4392 938 4431 possessor,
971 4383 1242 4431 siirrogetur:
1274 4393 1353 4422 nec
1381 4393 1540 4432 negare
1569 4393 1800 4431 possumus
1828 4382 1999 4431 sliquos
2027 4382 2118 4422 fore
2146 4382 2221 4431 qui
2249 4393 2331 4423 nec
2368 4382 2594 4423 beneficiis
2630 4394 2714 4423 nec
2752 4383 2913 4424 litibus
2943 4386 3200 4427 saturantur
3225 4407 3289 4433 -.

624 4453 777 4503 posset
806 4452 990 4492 Somnus
1021 4452 1228 4493 Dominus
1258 4454 1416 4494 Noster
1452 4453 1525 4493 his
1566 4452 1792 4494 fraudibus
1824 4453 2052 4493 ambitioni
2092 4455 2137 4493 et
2174 4454 2360 4495 avaritie
2396 4465 2635 4501 occurrere.
2671 4454 2713 4495 ai
2751 4456 2972 4496 statueret
2996 4456 3290 4506 deneganda-

625 4523 968 4574 surrogationem
1011 4524 1050 4563 si
1090 4525 1205 4565 ultra
1242 4524 1476 4565 triennium
1516 4524 1572 4564 lis
1615 4524 1916 4575 perduraverit
1941 4535 2023 4565 nec
2061 4525 2263 4574 cuiqnam
2299 4525 2435 4567 licere
2476 4525 2589 4566 ultra
2618 4528 2804 4575 quatuor
2832 4527 3049 4568 beneficia
3075 4515 3369 4579 litigiosa&

626 4594 800 4636 etiamsi
830 4596 941 4635 alias
972 4596 1267 4646 compatibilia
1294 4595 1451 4643 forent,
1481 4595 1695 4639 obtinere.

773 4701 818 4771 ¹)
858 4702 1011 4756 Sexti
1048 4704 1138 4758 lib.
1178 4704 1288 4757 III
1320 4705 1405 4758 tit.
1446 4707 1479 4755 4
1518 4721 1559 4757 c.
1597 4708 1651 4758 2.
