3500 5300
1413 364 1511 420 No,
1551 365 1653 419 1⁴¹:
1693 365 1848 421 1536.
2852 358 2986 419 881·

304 559 384 625 de
414 558 512 624 his
542 561 922 626 mentionem
955 561 1235 627 fecerint.
1288 562 1469 647 cujus
1498 561 1777 626 «Ioannis
1799 559 2047 624 Andron
2079 558 2275 625 verba
2306 559 2632 626 recitanda
2661 558 2961 624 duximus
3017 561 3158 613 1536

303 668 386 732 in.
434 690 485 732 c.
519 669 685 732 inter
716 675 924 733 cetera
953 667 1035 732 de
1065 667 1183 734 offi.
1217 668 1373 733 ordi.
1406 670 1457 749 ¹)
1500 668 1569 732 in
1599 668 1719 753 glo.
1756 666 1977 732 ultima
2022 669 2087 731 in
2119 667 2276 732 fine:
2325 667 2478 733 dicit
2523 666 2625 732 hic
2655 665 2962 732 Ostiensis

302 773 836 861 (inquit-loannes
852 773 1123 858 Anclree)
1156 774 1324 863 quod
1358 774 1709 840 Romanam
1745 773 2077 841 ecclesiam
2107 776 2172 838 in
2205 776 2455 839 annatis
2475 775 2826 861 exigendis,
2853 772 2963 839 ubi

302 882 581 968 alioquin
626 881 869 947 nullum
907 882 1017 969 jus
1048 881 1327 963 haberet,
1374 890 1708 947 excusaret
1737 884 2092 963 necessitas,
2139 883 2289 969 quia
2328 905 2442 947 nee
2490 882 2568 947 de
2616 905 2726 948 suo
2757 889 2965 969 posset

250 998 285 1052 5
304 988 597 1055 omnibus
628 988 977 1075 providere.
1040 998 1102 1053 et
1132 988 1486 1072 subiunyit:
1532 996 1625 1053 est
1656 989 1720 1052 id
1753 988 1832 1053 de
1867 988 2309 1076 'antiquissima
2339 989 2790 1055 consuetudine
2825 991 2963 1076 jam

304 1096 651 1180 obtentum,
696 1096 763 1161 in
808 1120 934 1184 quo
980 1098 1258 1184 episcopi
1304 1096 1716 1185 particulares
1752 1103 1979 1183 putant
2024 1118 2089 1162 se
2134 1118 2317 1183 posse
2347 1097 2581 1162 imitari
2613 1097 2964 1162 Romanam

303 1202 652 1287 ecclesiam,
699 1226 845 1269 cum
891 1226 1016 1268 non
1063 1204 1317 1290 possint.
1409 1210 1472 1269 et
1515 1204 1714 1268 infra:
1764 1201 1996 1290 pluries
2041 1202 2343 1287 clamavi,
2389 1206 2454 1268 in
2503 1211 2748 1269 tantum
2793 1204 2964 1292 quod

306 1311 385 1377 de
431 1310 552 1377 hoc
596 1311 715 1376 fuit
760 1334 966 1377 sermo
1011 1312 1078 1376 in
1126 1310 1391 1377 concilio
1438 1311 1759 1394 Vienensi,
1807 1310 1976 1397 quod
2024 1319 2304 1398 optarem
2351 1311 2522 1399 quod
2569 1312 2746 1376 curia
2791 1334 2966 1399 repe·

304 1427 463 1484 teret
507 1428 570 1484 et
615 1428 868 1506 caperet
913 1420 1250 1505 vigesimae
1296 1418 1657 1484 reddituum
1718 1417 2089 1484 clericorum
2149 1419 2337 1484 totius
2385 1417 2556 1484 orbis
2598 1419 2683 1485 ad
2729 1426 2967 1484 susten·

220 1534 287 1589 10
304 1528 603 1592 tationem
649 1549 814 1613 pape
860 1535 924 1593 et
968 1526 1383 1591 cardinalium
1431 1534 1494 1592 et
1540 1525 1696 1592 nihil
1742 1526 1914 1611 exigi
1962 1524 2063 1590 vel
2108 1527 2305 1612 recipi
2350 1548 2466 1612 pro
2513 1527 2783 1591 servitiis
2828 1549 2966 1613 pre-

304 1631 608 1716 latorum,
670 1655 826 1721 quos
882 1640 1289 1720 promovent,
1359 1635 1640 1720 exceptis
1700 1635 1937 1699 taxatis
1995 1633 2239 1699 salariis
2295 1632 2754 1717 laborantium,
2813 1641 2968 1721 puta

307 1741 680 1827 scriptorum
727 1748 791 1805 et
821 1739 1133 1806 similium.
1204 1748 1268 1806 et
1298 1749 1452 1807 tunc
1496 1739 1861 1828 provideret
1902 1740 2127 1826 legatis
2157 1748 2221 1805 et
2266 1741 2519 1825 nuntiis,
2567 1763 2726 1828 quos
2758 1742 2967 1825 mittit,

307 1846 386 1911 de
431 1847 716 1933 predicta
758 1853 952 1934 quota
997 1852 1060 1912 et
1102 1847 1448 1912 abstineret
1492 1845 1576 1912 ab
1623 1849 1955 1913 exactione
2003 1847 2321 1913 fructuum
2368 1848 2557 1934 primi
2603 1849 2753 1912 anni
2799 1853 2913 1912 etc.

482 1951 574 2019 At
629 1962 1006 2019 annatarum
1064 1955 1375 2020 institutio
1449 1953 1662 2019 multis
1737 1953 2091 2020 rationibus
2158 1954 2391 2019 nedum
2461 1956 2784 2038 excusari,
2860 1954 2969 2019 sed

222 2069 289 2124 15
308 2061 601 2127 sustineri
658 2068 897 2148 potest:
959 2071 1022 2127 et
1079 2063 1364 2149 inprimis
1423 2063 1724 2148 quoniam
1782 2060 1879 2126 his
1938 2063 2049 2149 qui
2094 2062 2313 2128 divino
2360 2062 2556 2127 cultui
2614 2063 2973 2127 ministrant

307 2169 390 2234 ad
457 2167 724 2233 salutem
782 2191 1111 2234 comunem
1157 2168 1406 2256 populi,
1475 2168 1790 2235 debentur
1843 2194 1882 2234 a
1927 2169 2160 2256 populo
2219 2171 2355 2256 ipso
2415 2170 2768 2235 necessaria
2824 2171 2971 2256 jure

308 2277 639 2340 ministerii
697 2277 859 2340 sicut
915 2276 1310 2363 principibus
1368 2284 1430 2343 et
1487 2275 1809 2342 militibus.
1875 2263 2155 2342 ‘sanctus
2201 2276 2480 2342 Thomas
2527 2276 2820 2343 Secunda
2864 2276 2970 2343 Se-

309 2382 515 2448 cunde
560 2384 801 2469 questio
837 2392 918 2451 89
953 2406 1041 2447 ar.
1081 2395 1110 2449 1
1146 2386 1222 2468 ²),
1268 2389 1331 2450 et
1359 2383 1662 2449 Nicolaus
1699 2406 1889 2470 super
1918 2384 1960 2449 J
1965 2406 2114 2450 osue
2149 2395 2226 2451 21
2266 2383 2498 2449 dixerit
2543 2384 2717 2470 apud
2755 2407 2971 2450 omnes

308 2496 526 2575 gentes
582 2488 772 2554 fuisse
832 2489 1239 2555 observatum
1302 2491 1472 2578 quod
1530 2489 1618 2555 illi
1677 2493 1788 2578 qui
1833 2490 2166 2556 intendunt
2214 2489 2431 2555 divino
2477 2491 2676 2557 cultui
2732 2498 2967 2556 susten·

219 2602 523 2664 20tentur
567 2619 607 2662 a
651 2604 783 2663 toto
828 2597 1062 2685 populo
1110 2599 1212 2665 vel
1258 2597 1340 2664 ab
1386 2597 1486 2664 his
1515 2600 1625 2687 qui
1656 2596 1892 2664 habent
1931 2621 2148 2664 curam
2183 2599 2672 2678 communitatis,
2718 2607 2975 2687 propter

311 2705 482 2792 quod
541 2705 896 2771 sacerdotes
943 2705 1184 2793 Egiptii
1243 2714 1522 2794 tempore
1585 2706 1772 2770 famis
1835 2729 1962 2771 non
2017 2706 2272 2772 fuerunt
2328 2706 2636 2794 compulsi
2696 2708 2974 2773 vendere

311 2814 700 2899 possesiones
759 2835 935 2895 suas,
1013 2816 1161 2899 quia
1218 2812 1520 2879 alimenta
1577 2814 1666 2878 eis
1725 2813 1806 2878 de
1872 2812 2146 2901 publicis
2213 2813 2454 2879 horreis
2511 2812 2971 2901 prebebantur:

312 2919 577 2985 Genesis
609 2929 690 2985 42
725 2920 810 3006 ⁸);
860 2928 1094 3007 quanto
1127 2921 1332 3006 magis
1362 2920 1648 2986 Romano
1679 2919 1980 3006 pontifici,
2013 2922 2121 3008 qui
2155 2922 2438 2986 omnium
2471 2918 2973 2987 Christianorum

312 3048 530 3091 curam
577 3028 738 3113 gerit
782 3035 848 3092 et
891 3026 1382 3110 solicitudinem,
1442 3025 1849 3092 debebantur
1904 3050 1943 3092 a
1999 3028 2129 3093 suis
2174 3027 2610 3093 sacerdotibus
2656 3030 2783 3092 vite
2828 3025 2973 3092 sub·

220 3144 295 3200 25
313 3132 491 3217 sidia,
538 3134 721 3220 cujus
767 3134 1095 3200 occasione
1141 3134 1398 3200 inducte
1444 3134 1619 3200 fuere
1663 3142 1914 3200 annate.

489 3239 793 3306 Preterea
857 3249 1073 3327 potest
1128 3241 1454 3308 Romanus
1506 3242 1817 3328 pontifex
1885 3242 2166 3308 decimas
2227 3253 2289 3307 et
2347 3246 2566 3307 tertias
2636 3241 2974 3321 fructuum,

313 3372 437 3434 que
470 3348 757 3413 ecclesiis
789 3349 1191 3427 deberentur,
1238 3349 1390 3414 dare
1434 3349 1666 3435 laycis:
1714 3373 1767 3415 c.
1799 3373 1837 3414 a
1884 3350 2065 3416 nobis
2113 3349 2194 3416 de
2236 3349 2500 3415 decimis
2529 3351 2575 3431 ⁴)
2593 3374 2611 3429 ;
2657 3371 2711 3413 c.
2743 3348 2974 3414 Adria-

313 3478 433 3521 nus
483 3466 563 3524 63
612 3455 759 3520 dist.
787 3457 868 3538 ⁶);
914 3479 966 3521 c.
1011 3458 1078 3520 in
1125 3455 1370 3541 synodo
1421 3467 1522 3524 16.
1570 3480 1628 3542 q.
1680 3468 1709 3522 1
1748 3460 1828 3537 ὃ),
1874 3459 2038 3521 sicut
2084 3457 2342 3543 regibus
2389 3456 2865 3543 Hyspaniarum
2912 3464 2976 3519 et

313 3563 632 3649 plerisque
703 3563 843 3626 aliis
915 3572 1130 3650 potest
1200 3571 1439 3626 statuto
1509 3564 1967 3628 consuetudine
2036 3572 2146 3628 ant
2213 3563 2550 3651 privilegio
2618 3562 2836 3627 induci
2904 3572 2977 3626 ut

221 3671 562 3735 30fructus
608 3673 793 3757 primi
843 3671 947 3735 vel
994 3672 1185 3736 etiam
1230 3670 1507 3756 plurium
1553 3693 1861 3736 annorum
1904 3670 2115 3736 media
2159 3695 2306 3758 pars
2368 3674 2672 3758 episcopo
2731 3669 2975 3735 fabrice

316 3788 423 3843 aut
471 3777 651 3842 alteri
698 3788 1128 3843 reserventur:
1178 3799 1232 3842 c.
1278 3779 1332 3840 si
1380 3786 1641 3863 propter
1685 3786 1796 3843 tua
1851 3778 2069 3843 debita
2113 3778 2196 3844 de
2240 3780 2568 3864 rescriptis
2614 3776 2777 3841 libro
2828 3787 2864 3844 6
2895 3778 2974 3858 ⁷);

318 3894 381 3949 et
426 3887 491 3948 in
537 3883 883 3970 Extravag.
915 3884 1181 3949 Joannis
1214 3883 1458 3965 XXII,
1504 3908 1625 3971 que
1672 3888 1897 3971 incipit
1943 3887 2225 3972 suscepti
2253 3888 2318 3967 Β).
2395 3895 2458 3951 et
2504 3907 2630 3950 non
2676 3892 2973 3972 poterunt

318 4051 551 4058 --—-———-—
576 4052 585 4055 -
666 4050 797 4056 -ο

464 4135 503 4199 1)
540 4135 663 4190 Lib.
704 4137 744 4189 I
774 4135 860 4189 tit.
899 4137 966 4189 31
1002 4152 1046 4189 c.
1085 4139 1165 4188 15.

464 4224 502 4281 ²)
548 4225 780 4279 Thomas
817 4224 1076 4293 Aquinas
1111 4224 1336 4279 Summa
1373 4226 1545 4281 totius
1582 4226 1897 4294 theoloqiae.

225 4316 301 4369 35
466 4315 505 4375 ²¹)
542 4315 732 4369 lMos.
774 4317 843 4367 41
879 4331 927 4369 v.
969 4314 1114 4380 56ff.

463 4403 505 4459 ⁴]
541 4402 668 4458 Lib.
708 4404 821 4457 HI
848 4404 934 4457 tit.
974 4407 1049 4457 30
1086 4420 1130 4458 c.
1167 4406 1258 4459 24.

462 4492 506 4551 ⁶)
544 4511 587 4548 c.
625 4498 665 4548 2
700 4493 774 4547 D.
815 4497 900 4547 63.

464 4582 505 4639 ⁶)
542 4582 755 4637 Findet
791 4583 909 4637 sich
943 4583 1112 4637 nicht.

470 4671 505 4725 ²)
545 4672 702 4727 Sexti
741 4673 832 4725 lib.
872 4673 913 4725 I
942 4673 1029 4726 tit.
1070 4677 1105 4725 3
1141 4689 1185 4727 c.
1224 4676 1304 4727 10.

230 4761 302 4815 40
466 4762 504 4829 ⁸)
542 4761 631 4816 De
665 4762 813 4817 elect.
854 4762 943 4816 lib.
983 4765 1013 4815 1
1049 4762 1134 4817 tit.
1171 4766 1223 4816 2.
