3500 5300
1009 333 1108 388 No.
1149 335 1382 390 12--132
1426 333 1560 390 1533
1595 335 1722 389 Juni
1759 335 2048 390 20.-·-Ju1i
2089 338 2134 390 1.
2835 334 2906 396 97

262 528 442 595 haver
486 553 614 595 non
661 552 730 595 so
777 553 955 596 come
1000 529 1255 595 l'animo
1316 530 1416 596 del
1461 554 1531 598 re
1588 532 1719 596 cosi
1769 555 1853 596 un
1900 555 2059 619 poco
2105 531 2405 598 inclinato
2422 584 2438 611 ‚
2498 534 2700 620 potrei
2745 533 2908 598 forse
2980 539 3119 618 1533

260 660 471 722 operar
515 636 786 724 qualche
833 645 1085 702 cosetta.
2928 607 3072 661 ‘hm‘
3099 610 3176 663 2⁰

422 743 519 809 Lo
582 745 789 809 scrivo
858 766 979 808 con
1048 742 1192 831 quel
1250 745 1511 830 rispetto
1569 751 1632 808 et
1692 765 1812 808 con
1879 743 2089 831 quella
2143 746 2450 812 modestia
2505 746 2666 812 ch'io
2725 769 2909 833 posso

259 853 602 937 maggiore:
664 873 705 914 a
763 874 864 915 me
924 872 1078 937 pare
1123 858 1187 915 et
1230 851 1394 915 forse
1441 873 1567 915 non
1630 852 1993 936 m'inganno
2054 852 2251 919 haver
2296 854 2451 920 fatto
2491 856 2802 941 principio
2849 861 2912 919 et

212 957 652 1023 5fondamento
697 957 892 1023 d'una
940 956 1106 1022 bona
1152 959 1407 1023 servitii.
1500 960 1713 1044 signor
1759 959 1919 1043 mic,
1979 961 2039 1024 io
2097 961 2221 1026 no'l
2268 962 2475 1027 scrivo
2533 983 2647 1047 per
2691 963 2909 1026 immo-

257 1064 475 1148 destia,
540 1088 646 1130 ma
710 1066 942 1152 perche
990 1066 1067 1132 V.
1118 1067 1179 1130 S.
1228 1064 1329 1130 die
1388 1063 1632 1152 saperlo
1691 1088 1729 1129 a
1791 1068 1940 1151 ogni
1999 1066 2123 1132 bon
2187 1068 2329 1133 fine.
2425 1076 2646 1156 questo
2705 1091 2773 1134 re
2818 1070 2910 1132 in·

259 1170 675 1259 comparabile
720 1175 809 1237 mi
853 1173 919 1238 fa
963 1173 1027 1237 di
1073 1173 1277 1237 favori
1320 1208 1406 1218 —
1450 1171 1659 1258 voglio
1705 1195 1876 1238 esser
1921 1175 2119 1240 inteso
2165 1175 2565 1262 particulari3
2612 1174 2911 1240 lasciamo

256 1279 446 1344 andar
517 1279 585 1344 di
631 1287 849 1367 queste
908 1302 1121 1364 cazze,
1191 1303 1297 1345 ma
1370 1281 1435 1344 in
1497 1278 1656 1345 altro
1711 1280 1777 1344 di
1836 1282 1950 1367 piu
2006 1293 2322 1348 momento
2368 1282 2804 1348 conversando
2849 1289 2914 1347 et

256 1387 645 1451 conferendo.
752 1386 812 1451 lo
882 1386 1135 1473 replico,
1206 1386 1321 1451 che
1367 1385 1431 1452 la
1489 1388 1549 1452 S.
1600 1387 1674 1453 V.
1732 1388 2060 1473 interpreti
2121 1399 2340 1476 questo
2402 1391 2639 1455 scriver
2700 1390 2767 1454 di
2824 1389 2911 1454 tal

184 1507 240 1558 10
256 1496 512 1560 materia
556 1495 625 1558 in
671 1493 881 1582 quella
929 1493 1097 1559 bona
1144 1502 1323 1580 parte
1370 1492 1574 1559 ch'io'l
1621 1495 1846 1559 scrivo.

417 1601 510 1666 Di
570 1623 738 1667 novo
797 1624 924 1666 non
969 1600 1311 1667 habbiamo
1372 1600 1451 1665 de
1509 1602 1618 1688 qui
1673 1609 1921 1666 attorno
1977 1624 2125 1668 cosa
2183 1602 2427 1668 alcuna.
2490 1605 2786 1690 s'aspetta
2829 1603 2914 1668 da

256 1705 790 1795 Constantinopoli
849 1707 914 1772 la
970 1707 1347 1773 resolutione
1404 1707 1567 1772 della
1626 1731 1816 1794 pace3
1878 1719 1941 1774 et
1986 1732 2162 1774 come
2207 1732 2446 1795 venga,
2515 1710 2804 1797 s’andera
2847 1712 2912 1773 in

256 1814 509 1880 Boemia
556 1838 746 1881 senza
790 1814 954 1880 fallo,
1014 1837 1199 1880 cerea
1244 1814 1299 1880 le
1346 1838 1488 1880 cose
1534 1815 1699 1880 della
1743 1816 1886 1881 fede
1931 1839 2143 1903 spesso
2189 1818 2335 1882 vien
2385 1815 2650 1905 qualche
2694 1817 2914 1881 novita

254 1930 311 1986 et
354 1921 626 2010 qualche
686 1945 855 1987 nova
911 1923 1222 1987 intention
1269 1929 1332 1987 et
1379 1944 1549 1986 nova
1599 1923 1884 1988 addition
1931 1922 2057 1988 alla
2116 1922 2246 1988 loro
2292 1925 2673 2010 pervenitis,
2734 1946 2912 1988 come

186 2039 237 2090 15
256 2029 399 2094 hora
445 2033 513 2094 in
547 2030 859 2115 Moravia,
906 2029 1022 2095 che
1069 2028 1330 2095 s'hanno
1377 2053 1579 2095 messo
1626 2054 1666 2095 a
1711 2029 1997 2095 celebrar
2040 2029 2084 2094 il
2133 2030 2355 2096 sabato
2384 2031 2907 2116 giudaicamente.

254 2147 342 2199 est
383 2140 552 2201 enim
601 2136 722 2201 hoc
779 2159 981 2221 genus
1025 2136 1350 2201 hominum
1409 2139 1772 2202 inconstans
1827 2146 1890 2202 et
1947 2136 2085 2202 leve
2131 2145 2319 2225 atque
2374 2140 2686 2203 novitates
2744 2144 2914 2202 amat

254 2244 491 2309 cotidie.
562 2243 608 2309 il
656 2267 723 2309 re
764 2244 957 2330 dapoi
1003 2243 1046 2308 il
1093 2267 1206 2309 suo
1239 2243 1538 2330 eonsiglio
1571 2254 1811 2309 secreto
1844 2244 1926 2309 ha
1969 2243 2011 2308 il
2047 2244 2350 2331 consiglio
2398 2244 2478 2309 de
2520 2254 2593 2309 12
2628 2266 2912 2331 persone,

253 2351 363 2415 che
409 2351 751 2417 attendeva
794 2350 917 2416 alle
977 2373 1120 2417 cose
1180 2350 1346 2416 della
1405 2350 1670 2438 religion
1730 2360 1794 2416 et
1854 2351 2011 2416 altre
2057 2353 2352 2436 insieme3
2415 2350 2568 2416 hora
2627 2349 2709 2415 ha
2767 2350 2911 2415 delli

258 2467 333 2522 12
380 2457 592 2523 elletto
640 2467 865 2546 quatro
911 2467 975 2524 et
1019 2457 1104 2523 ha
1147 2458 1305 2524 fatto
1351 2458 1431 2523 de
1478 2457 1665 2544 quelli
1714 2482 1801 2522 un
1849 2458 2196 2545 particular
2242 2457 2544 2543 consiglio
2603 2456 2724 2522 alle
2771 2480 2913 2522 cose

177 2565 415 2631 ffldella
457 2565 720 2652 religion
768 2574 831 2630 et
876 2565 961 2629 ha
1005 2588 1166 2652 gran
1214 2587 1369 2630 cura
1413 2567 1633 2630 invero
1679 2565 1744 2629 di
1793 2564 1882 2630 tal
1926 2568 2202 2630 materia.

428 2672 507 2737 Al
556 2675 683 2738 ΒΜ
730 2671 1012 2738 cardinal
1075 2673 1141 2738 di
1187 2674 1427 2738 Trento
1472 2676 1580 2759 gib.
1638 2696 1823 2738 meno
1870 2673 2020 2738 d’un
2068 2696 2236 2738 mese
2282 2675 2506 2738 morite
2552 2696 2680 2737 una
2727 2674 2914 2737 unica

251 2779 470 2846 sorella
515 2780 757 2852 anchor
799 2783 1099 2867 giovene3
1144 2782 1252 2868 gia
1297 2788 1426 2846 otto
1456 2783 1664 2867 giorni
1709 2804 1794 2845 nn
1828 2782 2014 2845 unico
2044 2778 2308 2864 frateIIO,
2354 2788 2418 2845 et
2462 2779 2527 2844 di
2575 2787 2750 2863 sette,
2796 2778 2912 2843 che

253 2911 327 2952 ne
370 2887 642 2964 haveva,
689 2889 725 2952 e
771 2890 1029 2954 rimasto
1075 2886 1221 2953 solo.
1300 2888 1430 2953 Sua
1460 2888 1588 2952 ΒΜ
1619 2888 1915 2973 Signoria
1962 2888 1997 2951 ὲ
2042 2895 2204 2952 tutta
2249 2893 2667 2967 consternata,
2714 2885 2829 2950 che
2875 2887 2911 2950 ὸ

253 3018 377 3059 una
424 2996 836 3082 compassion.
928 2993 991 3059 la
1034 2995 1097 3061 S.
1146 2995 1223 3060 V.
1269 2995 1356 3082 gli
1417 2997 1602 3081 potra
1657 2997 1894 3060 scriver
1952 2994 2076 3059 due
2134 2993 2313 3081 righe
2374 3007 2436 3059 et
2482 2993 2804 3058 dolersene
2850 3004 2913 3058 et

176 3106 364 3166 2500n
429 3111 649 3189 questo
708 3101 914 3166 officio
973 3108 1037 3166 et
1094 3105 1244 3188 ogni
1318 3101 1478 3167 altro
1535 3103 1878 3167 intertener
1931 3100 2275 3165 l’auttorita
2341 3109 2404 3166 et
2462 3099 2526 3165 la
2587 3101 2779 3164 bonta
2846 3099 2911 3165 di

251 3219 468 3295 questo
530 3208 717 3273 homo
777 3207 1253 3273 inclinatissimo
1313 3208 1434 3274 alle
1492 3231 1635 3273 cose
1690 3208 1756 3273 di
1815 3207 2045 3272 Nostro
2106 3208 2371 3293 Signore
2431 3215 2495 3272 et
2538 3205 2910 3293 particular-

252 3324 457 3380 mente
502 3316 567 3380 di
615 3315 691 3379 V.
740 3316 804 3380 S.
853 3325 917 3380 et
973 3315 1077 3380 del
1122 3340 1234 3381 suo
1294 3316 1419 3380 R¹¹¹⁰
1483 3314 1786 3399 cardinal,
1845 3322 2020 3379 tanto
2080 3313 2195 3377 che
2253 3336 2458 3400 apena
2517 3315 2603 3377 mi
2669 3314 2909 3400 saperei

252 3423 554 3508 ingegnar
598 3429 781 3509 poter
826 3421 1225 3509 exprimerlo,
1316 3446 1356 3487 a
1401 3422 1610 3510 quella
1654 3425 2180 3487 riverenternente
2226 3422 2313 3484 mi
2360 3421 2796 3485 raccomandO.

426 3547 510 3611 Di
558 3546 828 3612 Neustot
871 3546 979 3612 alli
1028 3557 1112 3628 20
1159 3547 1260 3612 del
1308 3570 1515 3633 zugno
1562 3546 1662 3612 del
1714 3558 1814 3614 33.
2926 3551 3070 3605 Jum‘
3094 3553 3175 3606 20

173 3836 236 3889 30
254 3817 356 3884 13.
463 3816 762 3898 Veryerio
808 3837 899 3880 an
944 3815 1259 3882 Salviati:
1317 3815 1655 3880 Riickkehr
1699 3815 1810 3880 des
1856 3813 2110 3897 Kimiys
2153 3813 2318 3878 nach
2379 3812 2597 3891 Wien‚
2646 3812 2910 3878 Absiokt
2927 3819 3049 3873 Juli
3084 3822 3116 3872 1

250 3924 399 3988 bald
438 3924 607 3988 nach
639 3922 931 3987 Bohmen
975 3943 1057 3988 zu
1100 3922 1312 4005 ychen.
1376 3922 1710 4003 Hoffnuny
1739 3922 1858 3985 mit
1903 3922 2041 3985 dem
2082 3920 2339 3985 Tiirken
2381 3920 2522 3984 und
2551 3921 2688 3984 dem
2733 3919 2908 3985 Woi-

250 4032 442 4095 voden
490 4030 777 4096 Frieden
834 4050 915 4095 zu
976 4029 1345 4094 bekonzmen.
1444 4029 2092 4110 Gunsterweisunyen
2153 4028 2259 4092 des
2306 4027 2558 4108 Ko'm'ys
2603 4048 2694 4091 an
2756 4027 2906 4092 Ver-

246 4140 435 4218 9erio.
526 4136 778 4203 Schicld
822 4139 1008 4202 einen
1054 4136 1432 4218 Dankbrief
1476 4157 1565 4200 an
1612 4136 1733 4200 den
1780 4135 1986 4217 Papst
2043 4156 2251 4217 weyen
2296 4134 2757 4216 Einrc'iumuny
2803 4134 2910 4200 des

253 4244 544 4311 Bistam
589 4244 755 4310 Pola
800 4266 890 4308 an
934 4245 1153 4309 seinen
1201 4244 1482 4325 Bruder,
1530 4242 1872 4308 erwc'ihlten
1919 4242 2203 4324 Bischof,
2250 4243 2383 4306 mit.
2476 4244 2642 4305 1533
2688 4240 2839 4306 Juli
2869 4245 2906 4302 1

174 4367 236 4421 ³5
266 4351 467 4418 Wien.

392 4480 512 4532 Ans
546 4477 704 4544 Rom,
740 4477 909 4531 Arch.
954 4477 1076 4532 Vat.
1114 4475 1291 4532 Nunz.
1331 4476 1386 4529 di
1424 4474 1610 4530 Germ.
1648 4475 1772 4530 vol.
1812 4476 1881 4529 56
1918 4474 2010 4529 fol.
2048 4476 2119 4529 48
2162 4474 2311 4544 Oriy.

426 4619 723 4685 L'ultime
780 4619 907 4682 mie
965 4618 1188 4683 furono
1233 4618 1314 4683 de
1374 4617 1441 4682 dl
1492 4627 1592 4696 20,
1648 4615 1945 4682 mandate
2004 4638 2118 4702 per
2175 4617 2282 4681 via
2338 4612 2427 4680 dil
2485 4613 3069 4698 Brundusinoffum·
3103 4624 3181 4676 20

254 4729 461 4792 sen-itte
519 4730 585 4791 in
648 4726 944 4809 Neustot,
1013 4726 1176 4791 dove
1234 4724 1277 4790 il
1333 4748 1402 4789 re
1465 4725 1624 4789 s'era
1681 4723 1912 4788 ridotto
1973 4746 2013 4787 a
2059 4723 2282 4788 solaz0‚
2374 4730 2437 4786 et
2494 4723 2783 4787 scriveva
2838 4721 2904 4786 di

358 4850 972 4899 Raunathou-iente,
1001 4853 1121 4892 erste
1148 4850 1431 4901 maxennam
1464 4849 1540 4890 Bd.
1574 4850 1607 4889 1.
2447 4831 2477 4887 7
