3500 5300
1412 372 1511 428 No.
1552 373 1653 429 1⁴²:
1693 374 1851 429 1536.
2857 369 2961 432 3⁴7

306 567 670 649 statuenda,
730 567 841 632 sed
910 567 1195 633 faciliora
1244 575 1487 633 tantum
1549 590 1671 654 que
1731 568 2059 633 comodius
2117 571 2354 634 servari
2400 573 2659 656 possint,
2705 593 2823 634 nec
2870 572 2960 633 vi-
3019 574 3160 624 153⁶

306 674 531 739 deatur
575 673 875 761 expedire
920 674 1277 739 difficiliora
1323 676 1459 761 lege
1503 673 1841 760 prescribi,
1907 697 2051 739 cum
2099 676 2162 740 id
2210 686 2371 740 esset
2416 679 2808 762 obstringere
2852 699 2962 763 po-

307 781 524 867 pulum
588 781 1032 863 christianum,
1094 803 1281 868 quem
1341 782 1633 846 dominus
1691 784 1753 845 in
1815 780 2105 847 libertate
2166 784 2521 848 constituit:
2591 782 2965 868 negabimus

301 887 547 973 jejunia
593 889 895 973 statisque
942 887 1166 953 diebus
1212 910 1249 951 a
1296 886 1674 974 quibusdam
1737 887 1897 952 cibis
1957 887 2336 954 abstinentia
2381 912 2459 953 ex
2509 888 2966 954 difficilioribus

255 992 440 1063 bfore
486 1016 609 1080 que
651 997 890 1059 servari
937 996 1209 1081 possint,
1257 996 1559 1081 quinymo
1618 1003 1680 1059 et
1724 994 2062 1059 valitudini
2106 1005 2170 1059 et
2215 995 2299 1060 ad
2344 997 2576 1081 ingenii
2627 998 2964 1082 perspicui-

314 1108 506 1164 tatem
557 1098 846 1186 pluribus
891 1101 1192 1166 conferre.
1286 1100 1455 1187 quod
1504 1103 1554 1164 si
1599 1099 2072 1166 inbecilioribus
2117 1100 2330 1179 obest,
2391 1124 2514 1166 non
2563 1125 2754 1189 supra
2802 1104 2968 1167 vires

231 1256 236 1259 -
308 1209 507 1292 exigit
551 1207 831 1272 ecclesia.
878 1217 942 1272 et
989 1230 1135 1273 cum
1172 1209 1310 1293 jam
1342 1207 1739 1294 promulgate
1786 1210 1936 1290 sint,
1984 1208 2268 1272 dicemus
2314 1231 2458 1291 cum
2495 1209 2856 1294 Augustino
2901 1212 2966 1273 in

308 1312 469 1378 libro
516 1313 595 1378 de
643 1335 794 1378 vera
833 1315 1162 1400 religione:
1221 1317 1287 1378 in
1334 1316 1467 1379 istis
1513 1312 1965 1400 temporalibus
1997 1313 2262 1399 legibus,
2311 1336 2697 1401 quamquam
2746 1316 2826 1380 de
2872 1315 2967 1380 his

309 1418 592 1485 homines
625 1420 917 1506 judicent
963 1444 1104 1486 cum
1153 1444 1260 1486 eas
1303 1422 1655 1503 instituunt,
1703 1431 1913 1485 tamen
1962 1442 2106 1486 cum
2154 1422 2388 1486 fuerint
2431 1423 2713 1486 institute
2758 1430 2820 1486 et
2865 1421 2967 1486 fir-

227 1542 292 1594 10
308 1536 495 1609 mate,
540 1549 669 1591 non
715 1526 930 1592 licebit
963 1528 1171 1613 judici
1218 1528 1297 1592 de
1342 1529 1495 1614 ipsis
1530 1526 1855 1613 judicare,
1917 1527 2027 1591 sed
2075 1526 2424 1592 secundum
2470 1530 2673 1614 ipsas3
2753 1537 2818 1592 et
2862 1527 2967 1592 ha·

315 1631 499 1698 betur
542 1636 608 1697 in
655 1656 706 1698 6.
754 1635 819 1697 in
865 1635 1001 1699 istis
1050 1644 1088 1698 4
1137 1634 1274 1699 dist.
1314 1633 1377 1722 ¹).
1469 1644 1536 1699 at
1565 1632 1692 1698 dici
1736 1635 1926 1698 etiam
1974 1642 2179 1720 potest
2224 1636 2402 1699 statis
2450 1634 2837 1721 temporibus
2871 1635 2967 1721 je-

311 1740 557 1824 junium
605 1742 794 1806 etiam
841 1742 1037 1805 veteri
1085 1739 1221 1826 lege
1267 1742 1596 1823 sancitum,
1645 1747 1716 1804 ut
1760 1738 2029 1804 habetur
2074 1739 2261 1805 Zaca.
2297 1751 2335 1808 8
2366 1740 2451 1827 ²):
2499 1741 2614 1805 hec
2659 1741 2813 1806 dicit
2859 1741 2967 1806 do-

308 1850 516 1912 minus
561 1849 981 1912 exercituum:
1018 1847 1333 1933 jejunium
1379 1848 1589 1933 quarti
1633 1854 1696 1911 et
1732 1846 2048 1933 jejunium
2095 1849 2318 1933 quinti,
2355 1847 2674 1934 jejunium
2720 1849 2969 1933 septimi

311 1963 373 2019 et
407 1954 723 2040 jejunium
769 1954 996 2018 decimi
1041 1955 1160 2018 erit
1189 1953 1404 2018 domui
1436 1952 1606 2018 Jude
1648 1954 1715 2017 in
1761 1952 2065 2038 gaudium
2106 1961 2170 2017 et
2213 1953 2485 2018 leticiam
2531 1962 2595 2018 et
2638 1956 2702 2017 in
2751 1953 2968 2018 solem·

224 2072 291 2126 15
310 2062 537 2125 nitates
581 2059 917 2146 preclaras.

489 2165 1053 2253 Quadragesimale
1100 2188 1249 2231 vero
1285 2167 1601 2252 jejunium
1660 2188 1785 2230 non
1834 2164 2144 2247 humana,
2203 2164 2311 2230 sed
2371 2166 2590 2230 divina
2648 2164 2786 2252 lege
2832 2188 2969 2252 pre-

311 2282 563 2362 ceptum
610 2298 693 2340 ex
738 2297 812 2339 eo
859 2273 1224 2361 persuaderi
1285 2283 1491 2359 potest
1551 2272 1720 2359 quod
1781 2273 1987 2359 inquit
2032 2271 2419 2358 Theophilus
2463 2270 2968 2337 Alexandrinus:

310 2381 618 2447 habemus
663 2380 1209 2468 quadragesimam
1256 2378 1340 2443 ab
1388 2378 1687 2465 apostolis
1731 2380 2083 2443 institutam
2116 2387 2179 2443 et
2220 2377 2593 2444 ordinatam.
2657 2387 2719 2444 et
2764 2379 2968 2444 Maxi-

313 2510 486 2553 mus:
532 2509 858 2553 sacrarum
903 2488 1356 2573 scripturarum
1403 2485 1697 2571 exempla
1743 2484 2146 2570 protulimus,
2194 2483 2427 2571 quibus
2470 2483 2972 2572 approbaremus

223 2595 482 2661 20hunc
528 2594 1104 2683 quadragenarium
1153 2614 1481 2657 numerum
1528 2614 1657 2656 non
1690 2613 1826 2656 esse
1870 2590 1953 2656 ab
1999 2590 2362 2656 hominibus
2400 2593 2829 2675 constitutum,
2860 2592 2970 2658 sed

313 2702 615 2767 divinitus
654 2710 1110 2781 consecratum,
1157 2723 1275 2764 1166
1320 2707 1569 2765 terrena
1601 2699 1992 2783 cogitacione
2038 2700 2388 2778 iniciatum,
2433 2698 2543 2763 sed
2586 2698 2793 2764 celesti
2840 2721 2970 2764 ma·

305 2811 533 2897 jestate
577 2816 960 2894 preceptum.
1051 2815 1114 2871 et
1157 2806 1347 2892 paulo
1394 2814 1564 2892 post:
1609 2805 1726 2869 hec
1772 2813 1987 2870 autem
2033 2814 2333 2890 precepta
2362 2804 2444 2869 de
2486 2805 2972 2891 quadragesima

314 2916 551 2981 scilicet
594 2938 721 2980 non
769 2924 900 2979 tam
947 2913 1345 2978 sacerdotum
1391 2920 1690 2998 precepta
1747 2934 1940 2999 quam
1989 2910 2112 2976 Dei
2157 2920 2319 2976 sunt.
2410 2911 2591 2976 Beda
2635 2913 2700 2975 in
2746 2910 2973 2977 omelia

314 3022 623 3108 evangelii
668 3031 811 3108 post
856 3006 1285 3085 ascensionem
1333 3019 1571 3083 domini
1616 3020 1735 3083 ait:
1800 3040 1951 3083 sane
1997 3016 2160 3082 hanc
2212 3016 2691 3105 quadragesime
2750 3017 2970 3083 solem-

226 3135 299 3189 25
316 3132 576 3195 nitatem
623 3150 752 3193 non
803 3125 1227 3215 quorumlibet
1274 3125 1617 3206 hominum,
1664 3125 1776 3189 sed
1829 3125 1967 3210 ipsa
2013 3124 2252 3188 domini
2284 3132 2348 3188 et
2377 3124 2729 3190 Servatoris
2776 3128 2972 3189 nostri

317 3239 526 3324 prima
569 3234 751 3300 nobis
795 3235 1009 3299 sanxit
1065 3234 1407 3297 auctoritas
1464 3233 1529 3296 in
1589 3253 1662 3295 eo
1718 3231 1888 3318 quod
1950 3231 2375 3317 quadraginta
2431 3229 2655 3295 diebus
2711 3240 2776 3296 et
2821 3254 2970 3317 qua·

316 3343 613 3429 draginta
656 3340 949 3407 noctibus
996 3341 1313 3427 jejunavit
1372 3341 1435 3403 in
1483 3339 1730 3403 deserto
1779 3339 2071 3424 victaque
2132 3338 2477 3402 tentatricis
2523 3339 2800 3402 versutia
2861 3340 2972 3402 mi·

316 3450 586 3514 nistoriis
632 3447 961 3512 fruebatur
992 3445 1311 3532 angelicis,
1361 3445 1468 3510 ubi
1517 3467 1629 3509 suo
1675 3467 1791 3508 nos
1837 3445 2105 3508 instituit
2148 3444 2457 3530 exempIO,
2505 3445 2654 3530 quia
2697 3466 2811 3530 per
2842 3466 2972 3509 ma·

319 3558 701 3620 cerationem
733 3556 941 3619 carnis
986 3552 1332 3617 adversarii
1366 3550 1704 3637 spiritualis
1748 3550 2076 3616 machinas
2106 3551 2346 3614 evitare
2376 3557 2440 3614 et
2474 3548 2558 3613 ad
2604 3548 2971 3635 angelorum

225 3666 299 3720 30
317 3661 661 3727 debeamus
691 3663 1021 3748 pervenire
1050 3660 1450 3725 consortium.
1504 3658 1912 3743 Augustinus
1942 3657 2024 3721 ad
2056 3656 2443 3721 Samarium:
2489 3656 2975 3743 quadragesima

305 3770 696 3856 jejuniorum
744 3766 934 3832 habet
979 3767 1416 3831 auctoritatem
1462 3787 1546 3829 ex
1580 3765 1826 3851 jejunio
1856 3763 2065 3849 Moysi
2113 3762 2252 3828 Elie
2296 3772 2359 3827 et
2388 3761 2626 3826 domini
2668 3762 2845 3844 Jesu‚
2890 3784 2973 3827 ex

319 3876 437 3940 hoc
481 3875 918 3940 demonstrans
963 3871 1359 3959 evangelium
1421 3894 1547 3936 non
1594 3871 1924 3935 dissentire
1980 3892 2020 3933 a
2080 3870 2218 3955 lege
2274 3878 2338 3935 et
2391 3868 2715 3955 prophetis
2734 3918 2752 3951 ‚
2810 3869 2974 3933 inter

317 4005 477 4070 quos
501 3982 742 4046 Mosem
790 3987 851 4046 et
889 3979 1100 4046 Eliam
1147 3979 1455 4065 gloriosus
1499 3978 1814 4064 apparuit,
1861 3985 1924 4042 et
1967 3976 2048 4041 de
2094 3998 2403 4041 consensu
2447 3974 2974 4060 evangelistarum

320 4068 743 4176 quadraginta
798 4087 1040 4152 dierum
1091 4087 1405 4172 jejunium
1453 4091 1903 4149 consecrarunt
1944 4082 2202 4168 Moyses
2257 4089 2320 4147 et
2365 4080 2541 4145 Elias
2598 4091 2661 4146 et
2704 4103 2974 4166 evange·

226 4196 491 4260 351ium.
582 4196 1011 4279 Hieronymus
1070 4193 1152 4257 ad
1213 4191 1577 4255 Marcellam
1638 4190 1717 4254 de
1776 4187 2096 4254 erroribus
2151 4188 2478 4253 Montani:
2548 4211 2665 4252 nos
2723 4209 2974 4252 omnem

319 4301 864 4389 quadragesimam
925 4299 1269 4365 secundum
1330 4298 1729 4362 traditionem
1793 4295 2216 4383 apostolorum
2285 4301 2417 4359 toto
2481 4296 2631 4358 anni
2693 4303 2974 4380 tempore

319 4408 507 4475 nobis
552 4430 831 4494 congruo
866 4408 1249 4494 jejunamus.
1340 4404 1507 4469 idem
1555 4426 1745 4490 super
1775 4403 1927 4468 Mat.
1974 4403 2064 4469 ait
2108 4404 2511 4468 constitutam
2542 4423 2677 4465 esse
2708 4398 2974 4488 quadra-

467 4660 507 4729 ¹)
545 4677 587 4716 c.
626 4663 661 4714 3
696 4659 771 4715 D.
811 4662 860 4713 4.

468 4748 509 4823 ²)
544 4747 821 4821 Sachama
857 4751 895 4804 8
929 4750 1096 4806 c.19.
