3500 5300
1381 355 1481 411 No.
1522 357 1616 411 1¹⁸:
1657 357 1811 412 1536.
2809 353 2914 417 387

448 550 521 617 Si
563 555 675 639 qui
715 572 868 618 vero
914 573 1099 617 casus
1147 552 1515 616 emerserint
1558 574 1717 638 quos
1765 554 1929 617 sacri
1983 574 2256 618 canones
2302 575 2431 617 non
2474 555 2917 639 expresserint,
2971 558 3110 609 1536

269 665 487 744 presto
518 656 702 723 adest
744 658 1095 745 apostolica
1140 657 1344 737 sedes,
1389 680 1511 745 que
1556 681 1673 745 pro
1703 661 2008 745 temporis
2040 668 2106 724 et
2149 661 2242 723 rei
2287 663 2670 725 necessitate
2701 663 2915 746 sepius

271 767 632 830 exactiones
690 787 805 852 per
859 765 1141 831 locorum
1186 764 1534 831 ordinarios
1590 765 1723 830 fieri
1781 767 2093 852 permittit
2137 776 2247 830 aut
2290 767 2604 852 impositis
2650 765 2913 832 decimis

270 871 516 937 illarum
557 880 908 958 proventus
954 872 1343 959 principibus
1391 873 1705 958 elargitur.

216 989 251 1042 5
444 978 640 1057 Quod
698 987 908 1044 autem
965 988 1286 1066 postremo
1346 978 1572 1045 eodem
1625 981 1991 1064 gravamine
2048 981 2288 1066 petitur
2361 980 2534 1065 quod
2602 980 2913 1068 archiepi-

268 1088 449 1173 scopi
496 1094 561 1151 et
603 1088 888 1172 episcopi
928 1086 1383 1152 ‘ecclesiasticis
1430 1086 1691 1173 prelatis
1738 1108 1815 1151 ac
1858 1088 2146 1172 personis
2193 1108 2304 1151 sue
2335 1085 2560 1152 ditioni
2609 1088 2911 1173 subjectis

268 1195 393 1279 ipsi
436 1193 557 1257 soli
603 1191 688 1258 ad
732 1191 1137 1258 indicendum
1182 1192 1713 1260 contributionem
1756 1195 1856 1279 jus
1904 1203 1968 1257 et
2021 1201 2400 1279 potestatem
2447 1193 2746 1275 habeant,
2803 1217 2913 1259 ex-

268 1301 575 1387 perientia
618 1321 825 1365 rerum
870 1303 1150 1365 omnium
1180 1302 1481 1385 magistra
1524 1298 1742 1365 docuit
1784 1299 1947 1365 hanc
1992 1299 2357 1365 facultatem
2404 1301 2558 1365 alias
2604 1300 2913 1367 indultam

268 1407 557 1472 inutilem
602 1415 668 1472 et
712 1407 997 1472 ecclesiis
1056 1407 1401 1471 dannosam
1446 1407 1602 1471 fore.
1694 1429 1838 1473 cum
1885 1409 2076 1486 enim,
2131 1416 2203 1472 ut
2247 1398 2516 1472 liabetur
2571 1410 2637 1472 in
2684 1431 2737 1474 c.
2783 1431 2910 1474 non

182 1516 479 1579 lominus
525 1512 607 1579 de
652 1516 842 1579 inmu.
890 1513 1076 1580 eccle.
1110 1519 1184 1595 ¹),
1230 1514 1660 1579 Lateranense
1707 1514 2046 1579 concilium
2091 1516 2481 1599 permisisset
2537 1522 2609 1578 ut
2665 1518 2718 1579 si
2777 1518 2911 1602 epi-

269 1643 502 1708 scopus
548 1644 693 1687 oum
738 1621 907 1687 clero
954 1621 1289 1685 utilitatem
1330 1621 1432 1685 vel
1480 1622 1926 1685 necessitatem
1970 1622 2368 1706 aspexissent
2411 1620 2493 1686 ad
2537 1621 2909 1688 relevandas

267 1749 567 1794 comunes
628 1729 934 1793 utilitates
997 1728 1099 1793 vel
1157 1729 1602 1807 necessitates,
1662 1726 1770 1791 ubi
1818 1727 2138 1813 laycorum
2185 1750 2310 1792 non
2358 1736 2769 1815 suppeterent
2812 1729 2910 1793 fa-

267 1837 536 1900 cultates
550 1883 568 1914 ‚
626 1836 869 1900 valeret
911 1856 1111 1900 novas
1170 1837 1494 1920 imponere
1542 1833 2060 1913 contributiones,
2104 1843 2363 1921 propter
2408 1835 2745 1900 multorum
2789 1838 2907 1901 im-

266 1941 665 2028 prudentiam
712 1951 776 2007 et
818 1943 1026 2007 minus
1072 1944 1462 2007 necessarias
1493 1943 1857 2006 exactiones
1902 1939 2240 2006 inhibitum
2284 1940 2410 2005 fuit
2453 1965 2531 2006 ne
2578 1940 2644 2007 id
2687 1945 2908 2008 incon-

176 2058 244 2112 15
263 2049 430 2114 sulto
474 2049 761 2114 Romano
806 2050 1103 2135 pontifice
1159 2050 1367 2114 fieret:
1428 2071 1483 2114 c.
1529 2046 1837 2114 adversus
1884 2070 1960 2113 eo
2005 2048 2191 2113 titulo
2219 2051 2284 2129 2).
2331 2057 2396 2113 et
2449 2051 2510 2113 in
2559 2072 2612 2115 c.
2659 2050 2905 2116 clericis

262 2156 476 2241 laycos
523 2155 603 2222 de
649 2159 841 2221 inmu.
900 2156 1091 2221 eccle.
1119 2158 1165 2238 ³)
1224 2155 1543 2221 inhibetur
1597 2157 1793 2220 'etiam
1853 2177 1932 2219 ne
1978 2154 2097 2219 sub
2155 2154 2448 2242 adjutorii
2507 2158 2710 2221 mutui
2756 2156 2906 2222 sub-

263 2265 578 2328 ventionis
624 2262 892 2328 subsidii
926 2263 1029 2328 vel
1067 2261 1218 2328 doni
1264 2266 1518 2328 nomine
1548 2265 1692 2349 quis
1724 2261 2125 2328 contribuere
2172 2264 2308 2327 sine
2355 2263 2703 2349 apostolice
2734 2264 2904 2328 sedis

261 2372 636 2436 auctoritate
682 2370 915 2435 audeat
957 2371 1349 2456 gravissimis
1396 2370 1653 2434 indictis
1700 2371 1900 2455 penis,

434 2586 537 2652 29.
625 2582 822 2662 Quod
869 2594 969 2653 29.
1014 2584 1157 2651 loco
1216 2587 1456 2672 petitur
1512 2593 1584 2648 ut
1640 2584 1806 2670 layci
1865 2584 2265 2669 magistratus
2325 2586 2389 2649 in
2436 2586 2901 2651 ecclesiasticos

168 2701 242 2756 20
259 2700 641 2780 potestatem
685 2691 990 2772 habeant,
1047 2691 1219 2778 quod
1279 2714 1355 2757 ea
1408 2714 1477 2757 re
1537 2691 1699 2777 layci
1762 2693 1926 2756 inter
1971 2691 2433 2756 ecclesiasticos
2478 2694 2578 2777 jus
2625 2702 2690 2756 et
2734 2702 2902 2758 tran-

258 2800 633 2886 quillitatem
677 2800 998 2886 publicam
1054 2801 1217 2864 tueri
1279 2809 1343 2864 et
1389 2798 1805 2864 ecclesiastici
1861 2797 1979 2864 sub
2023 2798 2223 2884 laycis
2271 2798 2573 2883 degentes
2620 2822 2695 2863 eo
2741 2799 2901 2864 faci-

258 2907 378 2972 lius
424 2929 499 2972 ac
545 2905 872 2972 comodius
916 2909 1016 2992 jus
1064 2927 1374 2992 quemque
1421 2929 1603 2971 suum
1634 2903 1981 2971 defendere
2013 2928 2089 2971 ac
2133 2914 2540 2971 manutenere
2587 2915 2901 2991 poterunt,

253 3016 378 3100 juri
424 3013 644 3079 divino
691 3016 947 3078 omnino
994 3023 1329 3098 repugnat,
1386 3021 1459 3077 ut
1518 3014 1744 3078 asserit
1800 3013 2043 3097 glossa,
2102 3034 2290 3098 quam
2347 3035 2566 3078 omnes
2627 3015 2898 3079 maxime

257 3120 588 3202 extollunt,
632 3123 715 3185 in.
762 3142 815 3186 c.
861 3122 916 3184 si
963 3122 1303 3207 imperator
1349 3130 1430 3188 96
1479 3119 1624 3185 dist.
1653 3122 1732 3203 ⁴),
1780 3142 1860 3184 ex
1905 3142 1980 3185 eo
2025 3119 2190 3184 forte
2236 3119 2407 3206 quod
2452 3119 2719 3185 habetur
2763 3119 2898 3184 Nu-

160 3231 409 3293 25meri
455 3250 507 3293 c.
555 3236 593 3295 3
622 3228 699 3309 ⁵):
748 3227 995 3292 locutus
1044 3236 1143 3292 est
1187 3224 1478 3292 dominus
1524 3226 1606 3291 ad
1652 3226 1949 3312 Moysem
1994 3227 2244 3292 dicens:
2308 3227 2458 3291 tolle
2503 3227 2734 3292 levitas
2781 3250 2897 3313 pro

253 3336 689 3421 primogenitis
750 3334 1015 3399 filiorum
1070 3333 1269 3399 Israel
1328 3342 1391 3400 et
1449 3356 1681 3422 pecora
1737 3334 2073 3399 levitarum
2131 3356 2247 3421 pro
2293 3333 2629 3420 pecoribus
2678 3357 2896 3400 eorum

253 3451 557 3529 eruntque
602 3440 795 3507 levite
840 3443 962 3506 mei
980 3466 997 3521 ς
1044 3463 1161 3526 ego
1206 3464 1346 3507 sum
1391 3440 1680 3507 dominus
1697 3466 1714 3521 ;
1763 3482 1846 3489 ——
1893 3449 1973 3507 et.
1997 3464 2049 3506 c.
2075 3450 2113 3509 8
2143 3442 2220 3523 ⁶):
2269 3450 2509 3507 statues
2554 3442 2782 3508 levitas
2828 3443 2896 3507 in

251 3557 599 3635 conspectu
644 3548 863 3613 Aaron
909 3556 973 3614 et
1016 3549 1286 3613 filiorum
1332 3551 1467 3634 ejus
1513 3556 1579 3613 et
1623 3547 2031 3614 conservabis
2077 3548 2326 3614 oblatos
2372 3547 2628 3613 domino
2674 3572 2747 3614 ac
2794 3572 2894 3615 se·

250 3654 502 3748 parabis
563 3655 643 3722 de
698 3654 909 3722 medio
966 3656 1231 3720 filiorum
1292 3654 1492 3721 Israel
1547 3665 1617 3720 ut
1662 3658 1792 3720 sint
1835 3658 1979 3720 mei.
2073 3666 2136 3721 et
2179 3665 2405 3742 postea
2460 3655 2893 3741 ingrediantur

153 3771 232 3826 30
248 3762 722 3828 tabernaculum
766 3761 1003 3829 federis
1047 3771 1121 3828 ut
1164 3764 1444 3829 serviant
1486 3762 1659 3842 mihi,
1705 3764 1924 3848 sicque
1969 3762 2329 3849 purificabis
2376 3772 2440 3828 et
2486 3763 2888 3829 conservabis

248 3892 358 3935 eos
426 3871 492 3934 in
559 3869 943 3935 oblationem
1012 3868 1281 3949 domini,
1348 3871 1643 3957 quoniam
1711 3870 1879 3935 dono
1948 3869 2164 3935 donati
2233 3880 2381 3934 sunt
2437 3861 2596 3935 mihi
2650 3893 2688 3934 a
2744 3871 2888 3937 filiis

423 3977 465 4042 l.

248 3978 762 4172 IsraeRepugnat
805 4094 871 4149 et
914 4087 971 4150 ei
1018 4085 1191 4172 quod
1236 4084 1401 4151 dixit
1452 4106 1715 4170 magnus
1773 4085 1880 4151 ille
1928 4084 2382 4150 Constantinus
2399 4134 2416 4164 ,
2474 4083 2623 4151 dum
2683 4108 2889 4151 sacer-

389 4302 429 4370 ¹)
465 4299 699 4357 Ibidem.

145 4384 225 4441 35
387 4389 430 4454 ²)
463 4389 589 4446 Lib.
626 4390 739 4445 HI
767 4390 852 4444 tit.
891 4392 963 4444 49
998 4406 1041 4444 c.
1081 4392 1129 4444 7.

388 4479 427 4547 ⁸)
464 4479 583 4534 Eia
616 4478 821 4535 solches
857 4478 1090 4548 Kapitel
1122 4477 1364 4534 existiort
1398 4478 1567 4533 nicht.

384 4568 427 4637 4)
464 4587 506 4624 0.
548 4572 611 4623 11
646 4569 720 4624 D.
757 4572 844 4624 96.

385 4657 428 4725 ⁵)
465 4658 661 4713 4Mos.
698 4661 736 4713 3
770 4674 818 4713 v.
855 4658 957 4725 5ff.

383 4745 426 4815 ⁶)
463 4746 655 4802 4Mos.
692 4750 731 4802 8
763 4764 812 4803 v.
848 4746 983 4815 13ῆὶ

2340 4835 2458 4892 25*
