3500 5300
584 333 693 399 44⁰
1578 331 1676 392 No.
1720 335 1849 393 173:
1892 337 2031 392 1535
2065 333 2177 390 suli
2213 337 2263 391 3.

394 539 530 619 1535
590 535 745 603 173.
853 536 1132 615 Veryerio
1178 556 1266 597 an
1310 535 1588 619 [Herzog]
1637 533 1919 598 IVe‘lhebn
1966 554 2082 597 ron
2116 533 2397 618 Baiern]
2415 553 2436 595 .·
2480 530 2932 597 beverstehende
2976 530 3223 595 H'ieder·

369 608 494 662 ‘suh
532 611 925 723 3aufmdeme
970 643 1171 705 see‘ncr
1205 641 1467 718 Rei-sem
1515 641 1690 705 Bitte
1734 662 1843 704 um
1869 640 2279 722 Einsemluny
2309 639 2416 703 cler
2454 640 2740 703 Antwort
2768 638 2874 702 des
2904 637 3230 701 bair-isdem

587 750 859 812 Kree'sea
951 749 1148 833 [1535
1194 747 1334 813 szez
1382 755 1424 813 3
1484 748 1704 832 lVe'en]
1735 749 1804 833 ¹).

727 892 850 945 Aue
899 890 1153 958 Venediq,
1193 889 1339 943 Bibl.
1377 890 1556 943 Marc.
1597 890 1691 944 lat.
1731 893 1800 944 cl.
1840 888 1917 942 lx
1956 889 2075 943 eod.
2116 891 2185 944 66
2222 888 2315 943 fol.
2355 889 2505 944 46⁸¹>
2544 887 2705 944 Gonc.

767 1014 1214 1100 Superioribus
1261 1014 1488 1078 diebus
1536 1016 1823 1099 egrotavi
1871 1013 2346 1099 aliquantulum.
2423 1012 2657 1079 deinde
2702 1013 2798 1076 fui
2846 1011 3276 1077 vehementerf)

589 1131 937 1206 occupatus
997 1123 1061 1183 in
1122 1121 1409 1206 plurimis
1469 1122 1750 1203 negociis
1813 1133 1877 1184 et
1939 1122 2003 1184 in
2064 1123 2253 1184 anxia
2310 1122 2759 1206 expectatione
2819 1119 3167 1182 litterarum
3204 1140 3237 1180 a

588 1249 833 1292 summo
891 1226 1218 1313 pontifice,
1280 1226 1509 1313 quibus
1572 1238 1707 1290 erat
1764 1227 1920 1290 mihi
1979 1226 2388 1310 significanda
2448 1227 2744 1290 voluntas
2791 1223 2958 1290 Suae
3008 1224 3237 1290 Sancti-

587 1335 737 1398 tatis
783 1336 852 1398 in
896 1333 1018 1397 hoc
1064 1335 1207 1419 ipso
1253 1333 1503 1397 concilii
1549 1335 1835 1417 negociO.
1911 1355 2069 1418 quas
2101 1332 2183 1398 ob
2231 1355 2453 1397 causas
2501 1356 2628 1396 non
2674 1333 2899 1418 scripsi
2934 1331 3237 1395 hactenus.

587 1462 755 1505 nunc
802 1462 959 1504 vero
991 1448 1332 1525 propterea
1377 1439 1588 1504 scribo
1635 1438 1810 1524 quod
1842 1462 1969 1504 non
1999 1437 2192 1503 modo
2224 1439 2672 1518 convaluerim,
2718 1437 2835 1503 sed
2880 1438 3099 1502 literas
3143 1459 3236 1501 eas

587 1546 669 1610 ab
717 1545 872 1611 urbe
934 1548 1291 1631 acceperim
1338 1568 1495 1632 quas
1543 1547 1883 1630 expectavi
1933 1554 1997 1610 et
2040 1548 2169 1631 jam
2215 1548 2335 1609 sim
2381 1555 2588 1609 certus
2636 1545 2718 1609 de
2766 1546 2843 1609 iis
2892 1567 3055 1631 quae
3099 1543 3310 1607 mihil«)

588 1652 836 1738 agenda
881 1655 1010 1716 sint
1053 1654 1122 1716 in
1166 1650 1287 1716 hac
1333 1654 1615 1716 materia.
1705 1654 1960 1716 noverit
2004 1654 2219 1737 itaque
2266 1651 2421 1715 mm·
2466 1652 2842 1716 Dominatio
2889 1651 3236 1737 pontificem

589 1761 845 1824 omnino
892 1759 1060 1824 velle
1106 1769 1180 1823 ut
1223 1780 1572 1844 prosequar
1616 1759 1737 1823 iter
1782 1781 1993 1823 meum
2038 1758 2120 1823 ad
2165 1759 2445 1844 reliquos
2485 1756 2868 1824 Germaniae
2917 1759 3237 1844 principes

588 1864 761 1952 quod
808 1888 947 1930 sum
993 1865 1280 1930 facturus
1336 1864 1419 1930 ad
1480 1886 1719 1950 paucos
1781 1864 1939 1930 dies.
2029 1864 2260 1930 deinde
2328 1867 2582 1930 noverit
2626 1864 3009 1930 Caesaream
3053 1864 3238 1949 Maje·

589 1981 819 2037 statem
867 1994 1007 2037 esse
1048 1952 1540 2058 approbaturam
1586 1972 1913 2037 civitatem
1944 1971 2251 2036 Mantuae
2298 1994 2413 2058 pro
2444 1972 2588 2036 loco
2618 1971 2899 2035 concilii:
2948 1973 3044 2036 sic
3090 1971 3237 2035 enim

590 2078 673 2143 ad
717 2100 817 2143 me
865 2078 1161 2164 pontifex
1208 2077 1446 2142 scribit.
1522 2078 1776 2142 noverit
1821 2077 2098 2165 denique
2145 2076 2338 2142 Suam
2379 2077 2796 2143 Sanctitatem
2844 2078 3241 2143 vehementer
3258 2086 3315 2137 15

589 2184 886 2250 laudasse
925 2184 1442 2248 Dominationem
1470 2181 1562 2249 V.
1593 2183 1810 2263 Illmffl,
1855 2186 2006 2269 quia
2049 2184 2437 2249 intellexerit
2481 2207 2521 2249 a
2564 2187 2725 2249 meis
2770 2183 2974 2249 literis
3021 2193 3240 2271 quanta

523 2279 529 2285 ’
594 2293 788 2356 animi
835 2290 1172 2356 affectione
1230 2290 1586 2355 obtuleritis
1646 2312 1900 2355 omnem
1947 2313 2208 2377 operam
2255 2299 2319 2355 et
2365 2294 2807 2356 auctoritatem
2863 2300 3145 2356 vestram
3185 2292 3241 2353 in

591 2398 714 2462 hac
759 2406 984 2462 sancta
1040 2399 1308 2462 materia
1352 2395 1717 2483 adjuvanda
1764 2405 1828 2461 et
1872 2396 2046 2482 quod
2093 2396 2398 2462 dederitis
2443 2397 2600 2462 mihi
2658 2420 3040 2484 responsum
3086 2394 3244 2484 quod

592 2504 861 2569 Romam
908 2506 1100 2569 etiam
1146 2526 1365 2590 usque,
1411 2526 1539 2569 non
1586 2502 1777 2568 modo
1824 2504 2158 2569 Mantuam
2203 2504 2453 2568 concilii
2503 2526 2696 2569 causa
2740 2506 3068 2570 veneritis.

767 2610 941 2689 Quia
1009 2633 1162 2676 vero
1230 2608 1550 2676 Sanctitas
1620 2609 1751 2675 Sua
1796 2609 2068 2697 impellit
2133 2634 2235 2677 me
2305 2620 2376 2676 ut
2443 2633 2793 2699 prosequar
2857 2613 2981 2678 iter
3048 2617 3321 2677 meum20

593 2717 1147 2805 (quemadmodum
1212 2740 1406 2804 supra
1464 2718 1622 2800 dixi)
1683 2726 1748 2782 et
1807 2727 1879 2782 ut
1937 2719 2234 2803 colligam
2291 2719 2383 2782 illi
2445 2721 2783 2805 conjuncta
2852 2729 3007 2783 vota
3074 2720 3246 2784 istius

592 2827 792 2890 vestri
836 2824 1057 2890 circuli
1106 2833 1171 2889 et
1217 2832 1445 2910 postea
1489 2835 1915 2889 caeterorum:
1962 2824 2136 2890 idem
2181 2847 2337 2909 rogo
2383 2827 2637 2889 nomine
2685 2824 2854 2890 Suae
2884 2824 3247 2890 Sanctitatis

594 2931 788 2995 Iun-¹·
833 2932 1354 2996 Dominationem
1386 2929 1692 2998 Vestram
1739 2939 1828 3012 ut,
1873 2933 2061 2996 sicuti
2107 2931 2307 2997 libere
2337 2931 2492 2996 mihi
2523 2931 2689 2996 dixit
2732 2931 2907 3017 quod
2953 2941 3249 3019 quantum

595 3038 677 3103 ad
737 3062 808 3104 se
868 3038 1202 3102 Mantuam
1261 3037 1659 3123 approbabat
1672 3087 1689 3117 ‚
1745 3039 1839 3102 ita
1883 3038 2044 3102 velit
2098 3038 2350 3103 efficere
2410 3060 2555 3103 cum
2598 3039 2729 3103 ΒΜ
2775 3037 3037 3104 domino
3084 3038 3250 3105 Salz-

595 3145 910 3230 burgense
957 3153 1029 3208 ut
1084 3143 1354 3209 habeam
1414 3145 1824 3230 oppinionem
1884 3147 2083 3209 totius
2130 3145 2406 3209 ambitus
2465 3145 2785 3210 Baioarici
2804 3195 2820 3226 ‚
2880 3147 3071 3212 sicuti
3129 3144 3322 3210 dis-25

594 3250 850 3316 cedenti
909 3250 1064 3314 mihi
1111 3250 1491 3316 Monacchio
1551 3253 2004 3337 promiseratis.
2105 3253 2226 3315 erit
2284 3274 2438 3317 vero
2498 3253 2785 3338 pontifici
2845 3252 3253 3319 vehementer

595 3367 845 3442 gratum
891 3359 945 3421 si
993 3356 1116 3421 hoc
1160 3359 1271 3421 fiat
1314 3359 1641 3435 citissime,
1685 3366 1824 3421 tum
1867 3366 1940 3421 ut
1985 3358 2278 3423 celeritas
2320 3368 2537 3424 vestra
2578 3361 2644 3423 in
2690 3381 2999 3445 responso
3047 3358 3250 3425 dando

597 3466 684 3528 sit
727 3463 1022 3549 exemplo
1068 3465 1339 3528 caeteris
1386 3462 1782 3549 principibus
1829 3463 1913 3528 ad
1957 3486 2117 3550 quos
2165 3466 2271 3529 ibo
2288 3490 2305 3545 ;
2354 3477 2490 3530 tum
2532 3474 2607 3529 ut
2650 3469 2891 3551 possim
2937 3468 3070 3531 cito
3114 3487 3251 3553 pro-

598 3572 776 3656 sequi
835 3569 1143 3655 reliquam
1189 3578 1436 3655 partem
1495 3572 1726 3656 operis·
1820 3580 2092 3657 expecto
2156 3573 2369 3657 itaque
2418 3572 2886 3637 Dominationis
2933 3572 3025 3641 V.
3072 3573 3251 3637 Ill-⁸·

598 3677 834 3756 literas,
880 3678 982 3740 cui
1028 3698 1131 3740 me
1177 3676 1490 3741 comendo
1520 3680 1585 3757 ²).
3264 3685 3322 3739 30

3442 3794 3443 3833 ι

597 3907 874 3979 flagitavit
917 3908 973 3962 in
1023 3925 1194 3963 causa
1241 3908 1592 3979 episcopatus
1638 3909 1853 3980 patriae
1900 3927 2033 3965 suae
2047 3951 2061 3979 ,
2116 3912 2216 3965 mit
2265 3910 2387 3966 dem
2445 3911 2717 3967 Wmasche
2766 3908 2888 3981 dost
2934 3913 3083 3970 disse
3135 3913 3249 3967 Ver·

598 3997 867 4066 wmdunq
905 3997 1025 4051 dem
1071 3996 1324 4067 Veryerio
1359 3998 1495 4051 beim
1534 3998 1740 4067 Papste
1774 4005 1977 4054 πᾶεεοπ
2011 4005 2173 4069 Mys.
2253 4000 2508 4070 Venediy,
2546 4001 2694 4056 Bibz.
2723 4002 2904 4057 Marc.
2944 4003 3041 4057 lat.
3079 4004 3149 4058 cl.
3174 3998 3251 4055 IX

599 4086 720 4141 eod.
758 4088 829 4141 66
863 4085 956 4140 fol.
995 4087 1066 4140 54
1107 4085 1257 4156 Θήρ.

749 4175 790 4245 ¹)
829 4175 952 4230 Das
988 4174 1204 4229 Datum
1241 4177 1445 4247 eryiebt
1482 4177 1598 4232 sich
1633 4194 1738 4231 aus
1775 4177 1873 4231 der
1909 4180 1973 4231 in
2009 4179 2105 4234 der
2142 4178 2403 4234 m’ichsten
2430 4180 2577 4235 Note
2612 4179 2981 4249 anyesivtrten
3006 4183 3249 4237 Antwort
3440 4228 3441 4241 ,

598 4263 691 4319 des
739 4265 1008 4333 Her20935
1061 4265 1208 4319 auch
1251 4264 1403 4333 qiebt
1449 4264 1553 4320 das
1599 4283 1671 4320 zu
1704 4283 1790 4320 nr.
1829 4270 1933 4320 172
1967 4284 2302 4336 anyczoyene
2338 4268 2623 4323 Sclarciben
2669 4269 2763 4324 des
2806 4268 3109 4326 Gardimls
3154 4259 3316 4324 von35
3440 4248 3441 4333 l

598 4353 866 4422 Sabbury
904 4370 998 4419 an,
1035 4349 1160 4422 dass
1197 4352 1394 4408 diesem
1420 4355 1665 4424 tuyles'ch
1698 4357 1801 4409 mit
1825 4372 1912 4410 nr.
1944 4360 2051 4411 172
2078 4357 2448 4426 vorlieyender
2476 4358 2645 4424 Briel
2673 4374 2776 4412 sur
2818 4358 3248 4426 Weiterbefdrde·

597 4457 744 4511 runa
781 4459 859 4496 an
897 4442 1004 4495 den
1041 4443 1377 4497 Adressaten
1411 4443 1710 4498 tibersandt
1744 4445 1947 4499 warde.

745 4529 789 4601 ²)
829 4530 949 4585 Der
985 4530 1201 4601 Herzog]
1251 4538 1597 4588 ammonete.-
1652 4532 1867 4587 Literas
1916 4541 2126 4589 vestras
2164 4534 2375 4590 vienne
2425 4535 2589 4590 tertia
2629 4536 2754 4606 julii
2793 4539 3070 4607 presentis
3105 4539 3247 4592 dam

600 4620 763 4673 hodie
799 4620 1103 4691 recepimus
1141 4628 1198 4675 et
1233 4622 1469 4691 primum
1519 4621 1587 4675 de
1635 4623 1868 4692 pristina
1905 4624 2142 4678 sanitate
2180 4625 2439 4680 restituta
2483 4643 2595 4679 una
2639 4625 2924 4681 vobiscum
2975 4627 3246 4685 laetamur,
3438 4686 3439 4703 χ

603 4708 735 4784 quia
772 4724 865 4763 vos
905 4710 1251 4771 vehementer
1287 4726 1536 4764 amamus
1573 4720 1628 4764 et
1666 4713 1848 4765 omnia
1888 4712 2040 4765 vobis
2076 4731 2340 4785 prospera
2386 4715 2668 4786 cupimus,
2723 4733 2863 4787 quos
2909 4734 3014 4788 pro
3064 4717 3167 4772 fide
3198 4704 3313 4768 et40
3438 4712 3439 4763 l
