3500 5300
573 277 681 340 3⁴4
1688 277 1787 335 No.
1827 279 1928 335 1⁴¹:
1967 281 2121 336 1536.

377 480 520 531 1536
577 498 751 563 spem
806 486 1114 562 ponentes
1159 477 1407 559 salutis,
1468 499 1612 541 cum
1672 484 1884 541 tamen
1952 498 2170 540 eorum
2230 475 2400 540 salus
2454 497 2494 540 a
2552 473 2683 539 solo
2741 473 2881 539 Deo
2937 474 3248 561 penderet

576 583 662 648 illi
710 606 862 648 vero
909 585 1034 647 sint
1077 584 1361 647 ministri.

752 690 944 770 Quod
972 690 1026 776 ⁸)
1072 712 1227 754 vero
1271 689 1601 754 adducunt
1646 689 1726 754 de
1774 688 2314 753 matrimoniorum
2363 688 2649 771 licentia,
2708 710 2831 776 que
2878 695 3008 752 tam
3072 709 3244 774 vaga

574 803 729 877 erat,
776 817 949 859 nunc
994 795 1337 861 admodum
1396 797 1687 860 restricta
1746 806 1868 878 est,
1939 819 2066 860 non
2125 805 2288 859 esset
2347 796 2512 859 inter
2578 816 2770 859 onera
2839 793 3242 880 ponendum3

572 903 871 987 quoniam
919 904 1030 967 etsi
1079 904 1143 966 in
1193 903 1390 967 veteri
1434 902 1573 988 lege
1619 904 1953 989 pauciores
1998 903 2205 966 forent
2249 901 2486 987 gradus
2543 899 2874 988 prohibiti,
2931 902 3240 988 quinymo
3289 911 3322 962 5

571 1006 651 1071 de
696 1010 955 1094 propria
1002 1011 1376 1095 cognatione
1424 1031 1661 1090 uxores
1719 1010 2010 1095 accipere
2059 1008 2221 1094 jussi
2282 1010 2404 1073 sint
2464 1007 2774 1090 homine5‚
2835 1029 2964 1071 non
3026 1015 3241 1071 tamen

574 1113 638 1177 id
686 1115 752 1178 in
798 1115 1163 1202 exemplum
1210 1125 1492 1182 cessante
1539 1139 1730 1181 causa
1766 1138 1894 1202 qua
1940 1115 2003 1179 id
2052 1123 2266 1180 actum
2313 1123 2408 1179 est
2437 1113 2818 1180 trahendum
2862 1120 3044 1191 esset,
3091 1135 3239 1178 cum

574 1219 637 1283 id
684 1228 988 1285 statutum
1037 1223 1225 1286 fuerit
1282 1245 1362 1286 ne
1422 1222 1637 1287 fideles
1697 1223 2074 1287 comunione
2143 1220 2490 1286 infidelium
2561 1221 2646 1285 ad
2691 1220 3048 1285 idolatriam
3094 1242 3239 1306 pro-

571 1324 935 1392 laberentur
979 1336 1089 1393 aut
1133 1350 1213 1393 ne
1254 1327 1455 1393 tribus
1502 1327 2038 1393 confunderentur
2084 1326 2186 1392 vel
2220 1336 2289 1392 ut
2335 1326 2454 1392 hac
2500 1328 2681 1414 quasi
2717 1326 2928 1413 figura
2971 1336 3038 1391 et
3081 1336 3237 1412 typo

572 1433 1036 1516 significaretur
1081 1456 1422 1522 veramque
1467 1434 1799 1499 ecclesiam
1846 1434 1890 1500 J
1895 1434 2199 1500 udeorum
2257 1435 2494 1520 primo,
2554 1432 2783 1497 dehinc
2844 1441 2907 1497 et
2951 1435 3236 1518 gentium
3257 1446 3318 1498 10

570 1537 818 1604 Christo
878 1542 1260 1605 matrimonii
1317 1541 1545 1627 copula
1603 1539 1748 1606 olim
1799 1540 2244 1627 conjungenda
2276 1539 2348 1627 1’).
2421 1538 2710 1626 figuralia
2764 1548 2978 1604 autem
3026 1540 3240 1604 omnia

569 1651 633 1708 et
676 1667 803 1709 non
850 1647 967 1710 nisi
1013 1646 1097 1712 ad
1142 1656 1391 1735 tempus
1437 1647 1587 1712 data
1631 1670 1767 1712 esse
1813 1645 2043 1733 probat
2088 1645 2406 1733 apostolus
2419 1696 2438 1729 ‚
2498 1653 2560 1710 et
2617 1653 2855 1733 quanto
2916 1645 3086 1711 istud
3145 1653 3240 1710 est

569 1753 890 1838 antiquius
947 1753 1356 1840 compellente
1430 1756 1833 1832 necessitate,
1904 1761 2081 1819 tanto
2141 1754 2344 1840 magis
2412 1760 2631 1839 postea
2701 1753 3074 1818 damnatum
3145 1760 3240 1817 oet

567 1856 867 1943 religione
912 1858 1299 1945 probibente,
1345 1868 1409 1925 et
1452 1883 1835 1948 quamquam
1887 1869 2150 1945 cogente
2182 1862 2556 1925 necessitate
2601 1859 2772 1946 quod
2818 1866 3067 1946 poterat
3098 1857 3238 1924 fieri

568 1963 807 2045 debuit,
852 1976 1135 2030 cessante
1180 1977 1392 2032 tamen
1438 1969 1808 2032 necessitate
1852 1989 1982 2031 non
2029 1967 2233 2031 solum
2281 1989 2405 2029 non
2453 1965 2643 2031 debet
2682 1965 2839 2043 fieri,
2886 1964 2997 2029 sed
3043 1968 3237 2029 etiam
3257 1979 3319 2031 15

568 2072 619 2134 si
664 2070 778 2136 fiat
823 2071 1064 2158 nephas
1107 2081 1231 2156 est,
1294 2081 1364 2138 ut
1406 2085 1581 2139 recte
1639 2072 1804 2137 dixit
1849 2073 2248 2158 Augustinus
2306 2071 2386 2137 de
2442 2074 2700 2137 civitate
2745 2071 2870 2136 Dei
2920 2094 2976 2136 c.
3029 2082 3108 2138 16
3175 2082 3240 2136 et

569 2175 837 2242 habetur
885 2189 966 2246 35
1015 2202 1072 2266 q.
1127 2194 1178 2244 1.
1229 2202 1282 2244 c.
1332 2202 1479 2245 cum
1511 2180 1704 2266 igitur
1736 2183 1820 2264 ¹);
1869 2182 2031 2244 sicut
2076 2202 2194 2245 nec
2242 2180 2308 2243 in
2354 2179 2609 2267 sequela
2654 2178 3020 2243 inducenda
3063 2178 3238 2265 quod

567 2307 696 2348 non
744 2284 1033 2349 obstante
1081 2287 1337 2351 levitica
1381 2286 1517 2370 lege
1563 2310 1689 2351 non
1735 2286 2007 2369 occides,
2055 2309 2180 2349 non
2229 2285 2468 2350 furtum
2513 2286 2726 2367 facies,
2774 2287 2997 2349 statuit
3025 2284 3240 2349 Moses

568 2390 648 2455 de
694 2391 1036 2477 spoliandis
1080 2399 1142 2456 et
1187 2392 1549 2457 occidendis
1596 2392 1880 2458 hostibus
1926 2414 2124 2480 usque
2170 2392 2253 2457 ad
2302 2392 2632 2457 meientem
2681 2391 2764 2455 ad
2823 2393 3130 2477 parietem
3161 2391 3237 2479 ²),

568 2498 648 2562 de
695 2520 820 2561 non
850 2498 1175 2587 querenda
1205 2520 1363 2584 pace
1394 2507 1457 2563 et
1498 2499 1754 2582 similia3
1804 2501 1969 2563 sicut
1999 2520 2117 2563 nec
2148 2498 2412 2584 vulgata
2441 2497 2551 2562 illa
2580 2507 2945 2562 sanctorum
2977 2506 3320 2583 patrumm)

567 2606 634 2668 in
693 2626 875 2669 sacra
932 2606 1246 2692 scriptura
1303 2604 1615 2672 adulteria
1684 2607 1853 2671 furta
1912 2604 2286 2671 concubitus
2353 2606 2592 2671 incesta
2661 2603 3032 2687 homicidia3
3111 2626 3239 2692 que

558 2708 824 2796 jubente
868 2720 979 2775 aut
1010 2720 1177 2776 certe
1222 2735 1349 2776 non
1380 2711 1779 2797 improbante
1813 2713 1935 2777 Dei
1967 2715 2191 2799 spiritu
2224 2720 2371 2777 sunt
2411 2720 2805 2799 perpetrata3
2851 2734 2976 2798 que
3016 2713 3155 2776 sive
3181 2716 3236 2800 e)

566 2816 948 2881 revelatione
994 2818 1128 2903 ipse
1174 2819 1444 2883 instituit
1491 2818 1668 2882 Deus
1728 2841 1840 2883 seu
1897 2841 2010 2905 per
2066 2818 2239 2882 illam
2287 2818 2499 2883 Moses
2558 2817 3015 2904 promulgavit,
3077 2828 3237 2882 tem·

568 2946 795 3009 porum
842 2925 1214 2988 necessitate
1259 2934 1322 2988 et
1367 2924 1626 2988 Judaici
1675 2923 1890 3010 populi
1937 2923 2293 2989 conditione
2339 2924 2652 2989 inductus.

747 3028 1081 3116 Multiplici
1140 3037 1351 3094 autem
1408 3033 1648 3094 ratione
1718 3054 1760 3094 a
1827 3029 2112 3116 patribus
2181 3031 2410 3094 nostris
2469 3032 3084 3115 consanguineorum
3133 3031 3315 3100 velas

567 3136 853 3200 affinium
900 3134 1218 3222 prohibita
1264 3147 1358 3201 est
1403 3138 1593 3201 etiam
1641 3159 1756 3223 per
1799 3138 2266 3202 matrimonium
2330 3137 2660 3201 comixtio:
2720 3138 2926 3222 primo
2973 3148 3237 3224 propter

567 3263 708 3305 eam
754 3242 1168 3306 reverentiam
1215 3266 1405 3330 quam
1453 3245 1724 3331 quisque
1769 3243 1958 3308 debet
2005 3241 2370 3329 parentibus
2416 3250 2478 3307 et
2525 3243 2750 3307 ceteris
2790 3245 2920 3307 suis
2968 3265 3234 3309 consan-

566 3348 811 3433 guineis
839 3347 908 3433 ἃ).
994 3370 1140 3412 cum
1209 3350 1376 3412 enim
1436 3351 1502 3413 in
1561 3351 1844 3413 venereis
1904 3348 2150 3413 actibus
2210 3348 2482 3435 quedam
2543 3350 2848 3413 consistat
2904 3349 3234 3437 turpitudo

566 3456 957 3519 venerationi
1007 3456 1339 3537 contraria,
1388 3455 1467 3520 de
1513 3478 1641 3542 qua
1686 3454 1972 3519 homiues
2019 3454 2426 3536 erubescunt,
2473 3457 2823 3541 incongrua
2868 3465 2964 3520 est
3011 3457 3230 3522 talium

567 3582 979 3647 personarum
1040 3563 1357 3626 comixtio.
1434 3571 1496 3626 et
1556 3561 1670 3627 hec
1728 3572 1824 3627 est
1882 3585 2073 3627 causa
2135 3584 2259 3648 que
2305 3561 2575 3627 Levitici
2645 3573 2720 3628 13
2751 3561 2803 3648 ³)
2851 3561 3314 3648 explicatum-10

711 3791 755 3841 a)
794 3790 1087 3843 Ursprninalich
1123 3792 1252 3832 stand
1287 3792 1400 3841 quod
1444 3804 1541 3834 vero
1592 3792 1874 3843 spiiitualius
1915 3792 2138 3843 explicant
2173 3792 2540 3833 matrimonium
2582 3794 2672 3832 tam
2710 3791 2939 3833 innumera
2977 3795 3233 3845 excogitata

567 3861 794 3902 obstacula
826 3874 877 3904 ex
907 3862 1141 3903 affinitatis
1170 3861 1346 3913 publice
1374 3863 1624 3904 honestatis
1653 3863 1917 3909 cognatione
1945 3862 2169 3914 spirituali
2201 3863 2425 3913 legalique
2453 3864 2501 3903 et
2525 3862 2931 3913 consanguinitatis
2960 3866 3051 3905 tan
3082 3865 3231 3906 nattis

566 3933 776 3985 gradibus
803 3933 1012 3983 originem
1041 3934 1276 3976 trahentia.
1334 3934 1497 3983 lasuny
1531 3935 1602 3974 der
1639 3936 1773 3974 ersten
1802 3934 2057 3975 Roda-buon:
2096 3934 2210 3983 quod
2253 3946 2351 3975 vero
2391 3934 2634 3984 subjiciunt
2670 3934 2727 3975 do
2753 3935 3130 3978 matrimoniorum
3155 3938 3232 3978 ob·

567 4003 778 4049 staculis,
818 4016 900 4044 non
941 4004 1053 4044 foret
1092 4004 1205 4045 inter
1243 4016 1371 4045 onera
1408 4006 1679 4055 ponendum.
1722 4006 1926 4055 quoniam
1963 4005 2050 4045 etsi
2090 4004 2378 4056 compellente
2415 4004 2687 4046 necessitato
2724 4006 2986 4057 quaudoque
3033 4007 3230 4049 ho-hoo

569 4086 734 4114 sorore-n
763 4074 897 4114 etiam
926 4086 1031 4115 suns
1060 4086 1214 4116 uxores
1244 4076 1479 4117 habuerint
1510 4080 1554 4117 et
1584 4078 1624 4117 ἰιι
1663 4076 1800 4117 veteri
1827 4076 1928 4128 lege
1955 4075 2180 4128 panciores
2208 4075 2376 4117 fuerint
2401 4076 2563 4126 gradus
2591 4075 2800 4127 prohibiti
2832 4105 2844 4118 .
2877 4108 2888 4118 .
2921 4107 2932 4118 .
3244 4066 3308 4120 35

714 4147 755 4193 Ιι)
787 4147 879 4184 Sic!
916 4158 967 4185 ne
1002 4146 1111 4187 lesen
1152 4158 1294 4188 veram
1324 4149 1445 4197 (state
1476 4151 1719 4197 veramque)
1757 4147 1848 4188 mad
1884 4147 2263 4199 conjungendam?
2316 4146 2435 4201 (aaa.
2470 4149 2491 4188 1
2517 4159 2603 4189 nnn·
2641 4158 2697 4189 no
2733 4149 2878 4190 sorte·
2905 4149 3098 4190 tribum
3127 4162 3229 4191 eo·-

567 4217 881 4263 funderentur).

709 4291 750 4336 c)
782 4287 873 4327 ίόἅ,
906 4288 996 4337 W!
1024 4289 1135 4328 nach
1160 4288 1256 4330 nivo
1283 4289 1360 4330 don
1390 4289 1488 4331 Ros!
1514 4290 1586 4330 der
1613 4289 1852 4342 Zdlefroe'f
1880 4289 1979 4331 Rea.
2015 4293 2036 4330 1
2062 4290 2164 4332 aad.
2194 4291 2360 4341 aperta.

709 4359 756 4407 d)
793 4357 1086 4410 vraprsuqzsct·
1117 4361 1163 4399 st
1190 4359 1343 4401 horum
1370 4361 1539 4402 rationo
1566 4359 1639 4402 lu·
1668 4361 1744 4410 qui
1772 4372 1827 4403 ex
1859 4360 1955 4402 mi·
1982 4361 2037 4402 do
2061 4363 2300 4413 propinquo
2328 4359 2541 4412 orista-n
2566 4362 2761 4409 traxero:
2792 4373 2841 4404 oo
2871 4362 2971 4404 nod.
3003 4366 3035 4404 1.

715 4467 750 4527 ¹)
791 4466 846 4521 G.
885 4470 954 4521 35
991 4484 1038 4535 q.
1077 4471 1105 4520 1
1142 4484 1261 4535 cap.
1304 4486 1395 4525 un.
3240 4474 3301 4527 40

712 4555 750 4613 ²]
793 4561 818 4608 1
841 4557 982 4610 Suom
1022 4560 1103 4609 20
1138 4572 1188 4610 v.
1227 4559 1317 4611 22.

709 4644 750 4719 ⁸)
790 4646 983 4729 :ffMoa
1022 4648 1089 4699 18
1124 4662 1172 4701 v.
1216 4648 1262 4703 7.
