3500 5300
568 310 638 371 18
898 314 949 366 2.
986 310 1157 364 laben
1194 309 1286 363 des
1323 309 1571 378 vergerio
1606 309 1689 362 bis
1729 307 1883 363 1533.
1958 306 2272 362 Gesehichte
2310 307 2480 360 seiner
2513 305 2566 360 N
2569 306 2891 359 untiaturen.

748 506 962 590 Grcfie
1005 464 1479 587 Schwierihkeit
1521 504 1693 569 haue
1738 504 1851 569 der
1897 501 2191 567 Nuntius
2247 502 2366 566 mit
2421 501 2643 566 scine„
2685 500 2952 566 Miaezn
2994 521 3236 566 amu-

564 616 863 681 kommen.
955 611 1328 694 Allerdinys
1386 611 1607 676 warde
1671 611 1807 675 ihm
1870 609 2074 694 yleich
2131 609 2414 692 anfanys
2468 629 2590 673 von
2648 607 2724 673 P.
2793 607 3080 674 Clemens
3123 609 3239 672 ein

563 722 753 804 festos
801 719 1053 798 Gehalt,
1121 719 1264 784 eine
1306 717 1679 795 Provision,
1747 715 2109 800 zuyebilliyt
2122 735 2147 794 ,·
2213 715 2365 780 aber
2433 713 2699 781 dieselbe
2762 714 2982 780 warde
3024 714 3238 779 nicht-s

570 954 664 1009 fol.
702 954 792 1022 40,
831 951 884 1007 d.
923 952 977 1005 d.
1013 951 1071 1005 in
1109 949 1337 1005 civitate
1374 953 1563 1003 nostra
1598 947 1880 1002 Bononiae
1927 963 2071 1002 anno
2122 946 2514 1002 incarnationis
2562 945 2871 1001 dominicae
2911 945 3048 1001 1532
3083 945 3118 1000 5
3157 946 3233 1000 id.

568 1041 708 1098 febr.
761 1039 1121 1112 pontificatus
1169 1039 1342 1094 nostri
1391 1055 1536 1093 anno
1574 1038 1659 1091 10.
1734 1037 1854 1091 Der
1889 1036 2146 1091 Nuntius
2195 1035 2339 1090 wird
2376 1036 2674 1090 bezeichnet
2709 1037 2794 1090 als
2830 1036 3093 1108 magister
3128 1035 3236 1089 Pe-
3295 1036 3329 1087 5

574 1140 696 1188 trus
732 1130 945 1185 Paulus
982 1128 1280 1199 Vergerius
1316 1127 1388 1182 ad
1550 1125 1960 1181 Ferdinandum
2009 1125 2166 1179 Rom.
2219 1141 2321 1180 nec
2367 1142 2476 1179 non
2512 1123 2792 1196 Ungariae
2842 1131 2900 1180 et
2935 1124 3240 1179 Bohemiae

572 1237 758 1292 regem
809 1219 1095 1273 illustrem·
1125 1234 1194 1272 ac
1244 1217 1500 1271 universa
1536 1216 1655 1286 ejus
1704 1231 1879 1286 regna
1913 1214 2153 1269 dominia
2188 1222 2245 1269 et
2282 1214 2528 1286 singulas
2565 1215 2808 1286 ipsorum
2847 1230 3139 1284 regnorum
3178 1220 3240 1267 et

568 1308 933 1365 dominiorum
968 1306 1283 1378 provincias
1311 1305 1566 1360 civitates
1601 1311 1780 1358 terras
1817 1311 1875 1359 et
1909 1303 2021 1358 alia
2055 1303 2179 1359 loca
2215 1304 2297 1358 illi
2328 1303 2582 1374 subjecta
2618 1310 2805 1358 noster
2839 1310 2897 1358 et
2931 1302 3238 1373 apostolice

569 1398 714 1453 sedis
750 1396 998 1452 notarius
1033 1396 1260 1450 nuntius
1290 1411 1419 1450 cum
1454 1399 1734 1465 potestate
1771 1392 1942 1465 legati
1977 1392 2046 1447 de
2083 1393 2283 1459 latere;
2324 1393 2421 1447 der
2448 1392 2721 1463 Einyany
2760 1392 2932 1446 lautet
2966 1391 3108 1447 Cum
3136 1408 3240 1446 nos

570 1487 732 1543 hodie
767 1492 825 1541 te
860 1485 931 1540 ad
969 1525 981 1538 .
1007 1526 1053 1538 ..
1092 1482 1502 1538 Ferdinandum
1541 1521 1587 1535 ..
1614 1523 1627 1535 .
1665 1489 1724 1537 et
1773 1481 2029 1536 universa
2075 1482 2196 1552 ejus
2241 1497 2413 1552 regna
2450 1520 2495 1535 ..
2517 1521 2531 1535 .
2572 1497 2674 1551 pro
2723 1481 2997 1535 nonnullis
3033 1481 3240 1536 nostris
3265 1480 3336 1533 10

573 1584 633 1632 et
667 1582 858 1631 sancte
895 1573 1142 1629 Romane
1178 1572 1409 1627 ecclesie
1444 1588 1513 1626 ac
1548 1569 1854 1642 reipublice
1890 1570 2190 1625 christiane
2225 1570 2413 1624 arduis
2449 1570 2693 1641 negociis
2730 1576 2978 1624 nostrum
3013 1578 3073 1626 et
3107 1586 3238 1641 apo-

574 1666 769 1722 stolice
804 1663 952 1719 sedis
987 1661 1243 1717 nuntium
1290 1679 1416 1716 cum
1466 1665 1745 1731 potestate
1783 1659 1952 1731 legati
1990 1659 2058 1712 de
2095 1660 2267 1714 latere
2303 1659 2618 1714 duxerimus
2653 1659 3040 1714 destinandum
3056 1702 3071 1730 ,
3120 1677 3240 1729 nos,

574 1755 860 1826 cupientes
906 1758 971 1806 ut
1016 1767 1152 1821 erga
1186 1767 1449 1821 personas
1486 1749 1543 1803 in
1580 1749 1766 1820 regnis
1802 1748 2056 1803 dominiis
2093 1748 2390 1820 provinciis
2426 1747 2749 1803 civitatibus
2799 1749 2961 1803 terris
3011 1756 3069 1804 et
3113 1749 3241 1803 aliis

572 1843 709 1899 locis
760 1842 937 1897 eidem
984 1839 1104 1911 regi
1152 1837 1420 1910 subjectis
1468 1838 1773 1893 residentes
1821 1854 1890 1893 ac
1925 1837 2225 1892 familiares
2261 1843 2388 1892 tuos
2425 1838 2716 1894 continuos
2751 1838 3145 1893 commensales
3182 1844 3242 1892 te

571 1930 751 2002 possis
786 1929 1013 1985 reddere
1050 1928 1373 1998 gratiosum,
1410 1926 1534 1989 tibi,
1570 1927 1639 1981 de
1667 1942 1781 1997 quo
1816 1926 1874 1981 in
1910 1927 2021 1981 hiis
2057 1933 2115 1982 et
2150 1926 2275 1981 aliis
2311 1926 2607 1997 specialem
2645 1927 2703 1980 in
2729 1926 2948 1980 domino
2975 1924 3240 1983 fiduciam
3267 1925 3336 1977 15

571 2020 907 2088 obtinemus,
957 2035 1014 2073 u.
1049 2035 1092 2072 s,
1127 2034 1193 2071 w.
1266 2016 1434 2086 Folyt
1482 2016 1573 2071 die
1608 2015 1974 2085 Aufzcihlunq
2028 2015 2126 2069 der
2172 2016 2296 2071 selu·
2329 2015 2678 2070 zahlreichen
2715 2016 2992 2070 einzelnen
3027 2016 3240 2070 Facul-

572 2115 754 2178 tiiten,
811 2109 929 2164 als:
982 2104 1228 2162 officium
1278 2105 1671 2161 tabellionatus
1720 2104 2056 2161 concedendi
2107 2111 2165 2160 et
2213 2104 2537 2160 tabelliones
2585 2104 2834 2170 creandi;
2892 2105 3109 2175 spurios
3146 2122 3240 2159 na-

571 2198 781 2255 turales
826 2195 1117 2251 bastardos
1155 2236 1168 2249 .
1191 2236 1204 2249 .
1228 2235 1242 2249 .
1279 2194 1649 2267 legitimandi;
1698 2195 2102 2266 resignationes
2139 2192 2530 2249 beneficiorum
2577 2194 3076 2249 ecclesiasticorum
3112 2213 3242 2249 cum

570 2303 708 2343 cura
741 2292 800 2341 et
836 2285 953 2340 sine
989 2301 1127 2340 cura
1162 2283 1491 2338 secularium
1528 2290 1585 2339 et
1621 2283 1941 2354 quorumvis
1976 2283 2229 2338 ordinum
2266 2283 2602 2354 regularium
2639 2283 2939 2354 recipiendi
2976 2284 3244 2354 dictaque

573 2373 846 2431 beneficia
898 2379 957 2428 et
1009 2373 1123 2427 alia
1169 2413 1181 2426 .
1205 2413 1252 2426 ..
1303 2371 1449 2426 infra
1501 2372 1706 2427 limites
1760 2372 2034 2427 dictorum
2099 2388 2392 2442 regnorum
2442 2371 2805 2426 dominiorum
2981 2373 3246 2427 vacantia
3264 2369 3340 2421 20

575 2495 643 2504 —
680 2477 1101 2533 ausqenommen
1156 2460 1248 2516 die
1299 2461 1652 2515 reservierten
1687 2489 1757 2499 —
1805 2477 2041 2531 quorum
2095 2458 2487 2515 beneficiorum
2541 2460 2883 2530 singulorum
2937 2468 3243 2532 proventus

574 2554 647 2609 50
703 2552 1029 2607 ducatorum
1075 2550 1197 2605 auri
1243 2550 1312 2604 de
1357 2565 1576 2605 camera
1622 2549 1864 2604 valorem
1910 2566 2153 2604 annuum
2208 2566 2316 2603 non
2365 2550 2661 2618 excedant,
2715 2547 3057 2616 conferendi3
3114 2568 3246 2605 cum

576 2641 867 2715 quibusvis
923 2639 1171 2712 personis
1225 2639 1283 2694 in
1336 2638 1502 2695 dictis
1556 2639 1743 2711 regnis
1798 2645 1857 2695 et
1911 2638 2165 2694 dominiis
2213 2638 2531 2695 constitutis
2578 2646 2778 2710 quarto
2826 2646 2883 2695 et
2927 2638 3002 2694 ab
3050 2640 3244 2695 eadem

580 2731 771 2803 stipite
814 2728 1242 2803 procedentibus
1291 2728 1457 2784 tertio
1504 2746 1572 2784 ac
1609 2735 1811 2799 quarto
1848 2729 2347 2800 consanguinitatis
2391 2728 2478 2784 vel
2514 2728 2805 2784 affinitatis
2841 2728 3107 2800 gradibus
3146 2730 3244 2784 im·

576 2821 797 2892 peditis,
834 2826 898 2875 ut
924 2819 1068 2873 inter
1096 2835 1155 2873 se
1194 2818 1667 2873 matrimonialiter
1695 2818 1942 2889 copulari
1981 2818 2211 2889 possint,
2248 2818 2616 2889 dispensandi.
2688 2817 2929 2872 Femer:
2963 2815 3342 2874 Personenffi

576 2915 713 2965 &rotz
748 2908 1097 2964 madicho,-
1140 2907 1351 2963 Geburt
1398 2907 1531 2962 oder
1568 2907 1937 2976 korperzieher
1974 2907 2286 2962 Gebrechen
2334 2907 2443 2962 den
2477 2907 2719 2978 Zuqanq
2765 2924 2890 2961 sum
2921 2908 3249 2978 yeistlicheu

574 2999 789 3055 Stande
822 3015 894 3053 zu
928 2995 1196 3065 eroffnen,
1232 2995 1528 3051 dummodo
1565 3013 1674 3050 non
1711 2995 1787 3051 sit
1823 2995 1953 3051 talis
1988 2995 2309 3051 deformitas
2345 3012 2412 3050 ex
2448 3013 2559 3067 qua
2593 2996 2914 3052 scandalum
2950 2997 3010 3050 in
3035 2999 3248 3068 populo

574 3088 809 3154 oriatur;
877 3085 1204 3155 Verzeihuny
1254 3086 1401 3140 eines
1450 3085 1748 3154 traybaren
1785 3085 1979 3140 Altars
2024 3102 2102 3139 an
2145 3085 2372 3154 Aciliae,
2421 3084 2664 3140 Priester
2709 3085 2833 3140 mid
2877 3085 3249 3153 Gradwiertx

576 3178 771 3244 Allen‚
825 3176 915 3231 die
961 3176 1163 3230 darum
1197 3174 1562 3242 melimelum,
1603 3173 1693 3228 die
1729 3174 2044 3244 Anhdruny
2092 3174 2188 3229 des
2228 3174 2649 3230 Goltesdienstes
2693 3175 2770 3230 im
2805 3175 3086 3230 Interdikt
3120 3177 3248 3229 und

580 3266 670 3320 die
717 3265 883 3320 Wahz
916 3280 1062 3319 emes
1099 3264 1474 3319 Beichtvaters
1518 3279 1589 3317 zu
1633 3268 1933 3333 gestaturi,-
1994 3262 2240 3318 Gelubde
2288 3262 2381 3317 des
2416 3264 2661 3318 Besuehs
2710 3264 2808 3320 der
2842 3264 3098 3319 Schwelle
3147 3265 3249 3319 der
3266 3258 3344 3311 30

576 3355 805 3423 Apostel
851 3353 975 3408 und
1023 3353 1261 3408 andem
1304 3352 1573 3418 srommen
1619 3352 1811 3407 Werke
1853 3368 1925 3406 zu
1974 3352 2375 3420 modificieren,·
2427 3354 2591 3406 einen
2626 3349 2820 3422 Ablass
2866 3369 2972 3407 von
3017 3352 3245 3423 faufziy

582 3444 769 3513 Tagen
806 3442 983 3497 denen
1016 3460 1087 3496 su
1110 3442 1420 3510 yewcihren,
1456 3440 1652 3495 welche
1685 3458 1928 3511 zuyeyen
1962 3441 2092 3496 sind
2128 3458 2255 3497 cum
2293 3447 2350 3497 te
2377 3441 2656 3497 celebrare
2690 3449 2791 3497 aut
2828 3442 2993 3497 misse
3032 3443 3246 3497 solenni

581 3533 846 3587 interesse
883 3529 1195 3601 contigerit.
1282 3530 1485 3585 Weiter
1500 3548 1518 3583 .-
1572 3530 1971 3601 appellationes
2009 3546 2370 3601 quascunque
2405 3532 2760 3601 interpositas
2804 3537 2862 3586 et
2895 3532 3244 3602 interponen-

577 3622 678 3676 das
725 3620 796 3675 ab
850 3618 1141 3675 ordinariis
1189 3625 1247 3674 et
1295 3618 1564 3689 delegatis
1614 3619 1781 3674 etiam
1817 3619 2137 3689 apostolicis
2186 3636 2284 3674 seu
2334 3620 2458 3674 aliis
2497 3660 2509 3673 .
2531 3660 2578 3674 ..
2618 3628 2675 3676 et
2708 3621 2848 3676 alias
2883 3638 3248 3692 quascunque

578 3728 776 3768 causas
828 3710 900 3765 ad
955 3708 1135 3765 forum
1191 3708 1631 3764 ecclesiasticum
1685 3708 2049 3779 pertinentes,
2108 3726 2250 3779 quas
2311 3716 2495 3764 tamen
2543 3709 2591 3763 si
2639 3707 2990 3765 beneficiales
3037 3709 3250 3765 fuerint
3268 3703 3348 3757 35

581 3815 748 3870 super
784 3796 1068 3854 beneficiis
1105 3797 1344 3853 valorem
1378 3815 1623 3853 annuum
1661 3799 1731 3852 20
1758 3797 2085 3853 ducatorum
2121 3797 2457 3854 habentibus
2483 3815 2591 3853 non
2620 3798 2902 3868 excedant,
2937 3816 3038 3869 per
3073 3805 3132 3854 te
3159 3800 3248 3854 vel

578 3888 749 3943 alium
800 3905 897 3944 seu
947 3887 1085 3942 alios
1141 3887 1436 3942 summarie
1484 3886 1811 3958 simpliciter
1857 3893 1916 3942 et
1963 3887 2032 3941 de
2079 3886 2243 3959 plano
2291 3887 2410 3943 sine
2459 3887 2694 3959 strepitu
2742 3895 2800 3944 et
2836 3885 3017 3959 figura
3044 3888 3246 3959 judicii

580 3978 699 4033 sola
735 3977 872 4033 facti
925 3976 1158 4032 veritate
1208 3977 1461 4048 inspecta
1508 3975 1700 4031 audire
1736 3993 2070 4048 cognoscere
2105 3983 2163 4032 et
2197 3973 2309 4031 fine
2342 3976 2531 4032 debito
2579 3977 2871 4032 terminare
2910 4019 2922 4031 .
2943 4021 2954 4032 .
2979 4018 2992 4031 .
3029 3994 3247 4032 necnon

583 4069 650 4122 12
689 4067 919 4123 comites
964 4065 1240 4138 palatinos
1289 4072 1348 4121 et
1393 4065 1625 4121 totidem
1662 4065 1928 4121 accolitos
1964 4065 2279 4136 capellanos
2329 4081 2517 4121 creare
2553 4083 2620 4122 ac
2657 4067 2826 4122 etiam
2863 4069 2897 4121 6
2931 4068 2990 4121 in
3025 4075 3249 4123 nostros

580 4165 640 4213 et
672 4156 978 4229 apostolice
1028 4156 1173 4211 sedis
1223 4155 1466 4212 notarios
1515 4155 1791 4227 recipere3
1849 4172 2212 4226 quascunque
2247 4172 2512 4227 personas
2550 4154 2891 4212 sufficientes
2925 4163 2984 4212 et
3018 4156 3249 4213 idoneas
3267 4148 3348 4203 40

579 4247 827 4303 volentes
875 4245 948 4301 ad
983 4246 1304 4301 doctoratus
1341 4263 1439 4301 seu
1475 4245 1831 4301 licentiature
1876 4245 1933 4299 in
1969 4252 2207 4316 utroque
2236 4247 2362 4315 jure
2397 4245 2484 4300 vel
2519 4247 2693 4301 altero
2722 4245 2931 4316 jurium
2966 4263 3035 4301 ac
3072 4247 3248 4318 magi·

580 4336 737 4392 sterii
770 4335 828 4390 in
864 4335 1146 4407 theologia
1179 4335 1267 4390 vel
1301 4336 1515 4392 artibus
1565 4352 1665 4391 seu
1700 4335 1840 4390 alios
1876 4334 2082 4405 gradus
2118 4335 2443 4405 promoveri,
2491 4335 2680 4406 previo
2714 4335 2960 4390 examine
2997 4335 3249 4408 rigoroso

580 4433 639 4482 et
690 4424 942 4498 diligenti
981 4465 995 4479 .
1018 4468 1029 4480 .
1053 4465 1067 4479 .
1104 4441 1423 4497 promovere
1475 4426 1549 4481 ad
1596 4425 1802 4498 gradus
1851 4423 2180 4494 hujusmodi.
2283 4423 2485 4479 Weiter
2537 4423 2718 4494 einiye
2763 4423 3101 4479 Facultaten
3151 4441 3249 4495 90-

583 4516 830 4585 rinqerer
878 4513 1216 4585 Bedeuttmq
1276 4515 1398 4570 und
1443 4516 1648 4584 solche,
1699 4514 1790 4568 die
1836 4513 2055 4583 speciell
2089 4512 2179 4567 die
2222 4512 2532 4579 familiares
2567 4519 2619 4568 et
2654 4513 2945 4569 continuos
2981 4530 3250 4569 conum·

580 4606 721 4662 sales
757 4603 851 4660 des
886 4602 1140 4659 antius
1176 4605 1436 4674 angelum,
1472 4622 1528 4658 u.
1566 4623 1618 4658 a.
1653 4622 1722 4658 m.
1762 4631 1830 4643 —
1867 4602 2034 4657 Diese
2062 4601 2417 4670 Facultdtm,
2453 4603 2662 4671 welche,
2698 4602 2800 4658 wie
2831 4607 3036 4673 yesaqt,
3081 4603 3141 4658 V.
3171 4604 3252 4658 im
3271 4597 3346 4652 45

587 4695 757 4763 April
780 4697 921 4749 1534
956 4694 1259 4751 ubersaadt
1294 4693 1499 4762 erhielt,
1534 4692 1900 4765 entspraehen
1933 4692 2123 4749 seim
2156 4690 2574 4762 Erwartunqen
2609 4692 2776 4761 nield,
2826 4692 2903 4746 da
2949 4691 3030 4749 sie
3064 4691 3254 4748 hister
