3500 5300
339 519 477 569 1536
531 524 916 601 quapropter
961 537 1089 578 non
1138 512 1557 599 undequaque
1613 511 2088 600 comprobande
2146 520 2296 577 sunt
2355 508 2847 576 consuetudines
2908 533 3034 596 que
3083 532 3210 574 no-

530 622 690 686 biles
737 621 1112 699 admittunt,
1172 621 1483 685 litteratos
1531 642 1687 684 vero
1702 669 1720 700 ,
1765 623 1821 683 si
1868 619 2024 684 alias
2071 618 2381 704 ignobiles
2439 622 2598 698 sint,
2656 616 3038 683 excludunt:
3100 620 3209 681 ni-

532 731 754 804 mirum
804 732 857 793 si
908 728 1231 792 Romanus
1276 727 1569 813 pontifex
1615 726 1714 791 his
1774 727 2128 812 privilegiis
2175 736 2237 789 et
2285 725 2851 791 consuetudinibus
2906 724 3206 810 quando-

531 858 654 921 que
702 834 1014 920 derroget.

708 942 801 1007 Ut
848 951 1063 1007 tamen
1109 940 1400 1006 omnibus
1459 939 1735 1026 querelis
1782 939 1960 1005 locus
2004 939 2447 1027 precludatur,
2505 949 2728 1026 posset
2772 939 2999 1005 Sanm-
3059 938 3204 1002 Do-
3263 951 3298 1002 5

532 1051 738 1113 minus
784 1049 1021 1113 Noster
1065 1048 1145 1112 ab
1193 1046 1553 1134 hujusmodi
1600 1046 2150 1132 derrogationibus
2196 1045 2534 1126 abstinere,
2582 1046 2770 1111 modo
2817 1049 2880 1111 in
2927 1045 3202 1132 singulis

532 1157 826 1243 capitulis
872 1168 1001 1220 tres
1048 1165 1157 1219 aut
1204 1164 1476 1242 quatuor
1521 1178 1601 1218 ex
1655 1154 1976 1219 nobilibus
2035 1154 2278 1233 adsint,
2336 1155 2445 1240 qui
2504 1156 2571 1217 in
2629 1176 2812 1219 sacra
2869 1153 3200 1239 theologia

533 1264 637 1327 vel
683 1265 1008 1349 pontificio
1061 1265 1198 1348 jure
1257 1264 1385 1326 sint
1443 1260 1738 1346 graduati
1752 1285 1771 1342 3
1830 1262 1987 1326 alias
2049 1262 2398 1326 litterarum
2456 1263 2726 1326 scientia
2781 1260 3015 1347 prediti
3079 1283 3203 1347 pro

533 1370 853 1435 nobilibus
900 1368 1117 1434 haberi
1162 1372 1417 1455 possint
1462 1379 1526 1433 et
1574 1368 2010 1433 admittantur.

530 314 638 376 380
1645 315 1743 370 No.
1786 317 1882 370 1*:
1921 316 2077 371 1536.
3423 0 3500 371 w

3495 457 3500 538 l

3499 593 3500 682 l

1136 1555 1241 1614 26.
1319 1546 1684 1613 Inveterata
1728 1547 2064 1632 privilegia
2109 1545 2591 1611 manutenenda.
3227 1557 3296 1609 10

712 1655 917 1721 Decet
963 1654 1217 1741 quidem
1265 1654 1628 1718 benefitium
1676 1656 1981 1740 principis
2030 1676 2172 1718 esse
2219 1676 2612 1732 mansurum3
2659 1653 2773 1719 sed
2819 1655 2986 1718 sicut
3031 1665 3204 1718 teste

536 1761 916 1851 philosopho
963 1772 1259 1849 opportet
1307 1762 1480 1846 leges
1528 1770 1701 1826 recte
1748 1761 1911 1825 latas
1958 1783 2266 1825 summam
2314 1770 2700 1847 potestatem
2754 1760 3017 1841 habere,
3064 1785 3204 1826 ma-

533 1873 863 1954 gistratimi
913 1892 1081 1949 vero,
1127 1872 1265 1933 sive
1312 1892 1472 1932 unus
1519 1871 1658 1933 sive
1704 1868 1918 1954 plures
1964 1870 2113 1949 sint,
2158 1890 2376 1932 eorum
2422 1877 2805 1954 potestatem
2835 1866 3070 1932 habere
3115 1867 3202 1932 de

534 1978 763 2064 quibus
822 1978 962 2062 lege
1019 1978 1231 2041 caveri
1291 1978 1446 2040 satis
1509 1983 1732 2039 exacte
1795 1996 1922 2039 non
1980 1976 2190 2061 potuit
2248 1973 2437 2056 (unde
2496 1977 2568 2039 fit
2623 1984 2691 2038 ut
2750 1977 3072 2060 principes
3134 1985 3200 2038 et

538 2089 943 2170 magistratus
989 2107 1026 2149 a
1072 2085 1325 2148 comuni
1371 2082 1509 2167 lege
1557 2105 1634 2144 ex
1696 2081 2062 2167 particulari
2131 2103 2327 2146 causa
2372 2091 2438 2146 et
2481 2084 2674 2146 certis
2719 2080 2974 2146 casibus
3019 2104 3204 2146 rece-
3227 2092 3296 2145 15

535 2192 734 2270 dunt),
780 2194 874 2256 sic
921 2201 985 2256 et·
1029 2193 1095 2255 in
1141 2190 1517 2276 privillegiis
1573 2212 1695 2274 que
1743 2192 1992 2275 private
2037 2189 2212 2272 leges
2260 2199 2615 2267 censentur,
2659 2211 2804 2253 cum
2850 2188 3202 2274 privillegii

535 2309 744 2364 cessat
788 2300 950 2363 ratio
997 2310 1106 2362 aut
1152 2321 1297 2361 cum
1344 2297 1411 2362 id
1452 2299 1752 2360 nocivum
1799 2318 1938 2360 esse
1986 2299 2224 2383 ceperit
2273 2297 2380 2361 vel
2421 2298 2607 2382 justis
2655 2296 2796 2361 aliis
2841 2295 2922 2359 de
2969 2298 3204 2374 causiS,

536 2405 797 2492 expedit
842 2405 1223 2490 quandoque
1280 2404 1383 2469 vel
1442 2426 1746 2469 revocare
1808 2403 1912 2468 vel
1971 2402 2069 2468 his
2134 2405 2325 2467 certis
2385 2403 2641 2468 casibus
2701 2403 3070 2488 derrogare,
3129 2416 3204 2466 ut.

534 2536 726 2599 supra
770 2513 959 2598 plene
1004 2510 1087 2576 de
1135 2511 1646 2597 exemptionibus
1692 2509 2127 2575 disseruimus.

714 2618 885 2701 Quia
935 2627 1147 2684 tamen
1206 2629 1465 2706 propter
1522 2618 1785 2683 nimiam
1844 2640 2231 2684 summorum
2300 2618 2671 2705 pontificum
2737 2616 3298 2704 indulgentiamffl

538 2728 639 2795 vel
684 2729 1031 2816 petentium
1078 2728 1613 2814 importunitatem
1657 2727 1849 2790 etiam
1910 2748 2024 2811 per
2081 2723 2520 2812 obreptionem
2580 2725 2682 2789 vel
2740 2726 3204 2812 surreptionem

536 2835 916 2925 quandoque
984 2834 1092 2919 huj
1102 2834 1347 2897 usmodi
1415 2832 1783 2920 privillegiis
1858 2855 1971 2919 per
2045 2832 2256 2898 sedem
2326 2831 2737 2920 apostolicam
2806 2833 3000 2897 etiam
3067 2833 3206 2897 sine

536 2940 901 3009 rationabili
966 2963 1160 3007 causa
1216 2939 1591 3026 derrogatur
1604 2990 1623 3023 ,
1690 2949 1907 3026 posset
1973 2940 2290 3005 Sanctitas
2358 2942 2489 3006 Sua
2554 2948 2838 3004 cessante
2905 2940 3207 3025 equitatis

536 3052 780 3116 ratione
846 3048 931 3113 ab
1013 3046 1377 3133 hujusmodi
1444 3045 1994 3133 derrogationibus
2079 3045 2397 3112 abstinere
2464 3069 2544 3112 ac
2587 3054 2862 3111 statuere
2927 3068 3008 3110 ne
3079 3045 3203 3111 snb

537 3155 937 3245 generalibus
981 3160 1045 3220 et
1088 3152 1548 3242 pregnantibus
1592 3156 1695 3239 (ut
1737 3153 1948 3241 ajunt)
1996 3152 2208 3219 verbis
2262 3176 2341 3220 ea
2385 3153 2744 3238 derrogatio
2792 3154 3204 3231 concedatur,
3224 3164 3296 3217 ᾔ

541 3288 665 3354 que
715 3263 1063 3351 expressim
1118 3285 1246 3325 non
1300 3260 1589 3343 daretur3
1657 3283 1885 3326 cavere
1947 3269 2019 3326 ut
2084 3259 2439 3347 privillegia
2504 3282 2774 3346 quorum
2841 3260 3206 3346 derrogatio

540 3376 799 3461 petitur,
844 3373 908 3435 in
957 3369 1413 3456 supplicatione
1458 3369 1998 3454 exprimerentur:
2058 3368 2213 3432 alias
2256 3369 2323 3432 in
2370 3367 2590 3432 litteris
2633 3390 2764 3432 non
2809 3365 3204 3453 explicaren-

540 3497 660 3546 tur.
753 3479 861 3543 sed
922 3500 1047 3541 non
1116 3477 1326 3541 minus
1384 3474 1884 3562 providendum,
1954 3497 2101 3539 cum
2157 3475 2565 3560 derrogatur,
2632 3497 2714 3539 ne
2781 3475 3208 3561 provinciales

540 3587 857 3652 mordicus
889 3583 1214 3649 retinendo
1261 3581 1617 3669 privillegia
1659 3582 1760 3647 his
1789 3583 1978 3646 etiam
2023 3581 2345 3667 abrogatis
2389 3580 2566 3646 abuti
2606 3582 2835 3647 velint:
2882 3582 3038 3646 alias
3087 3606 3206 3668 pro

541 3694 860 3779 abrogatis
907 3693 1076 3755 omni
1127 3714 1278 3755 casu
1324 3689 1693 3755 habeantur.
3223 3699 3298 3752 30

1562 3872 1667 3937 27.
1759 3869 1860 3934 De
1906 3871 2171 3933 {innatis

717 3980 1121 4046 Annatarum
1166 3958 1621 4043 institutionem
1670 3978 1804 4042 sive
1849 3977 1933 4042 ad
1970 3979 2080 4063 jus
2109 3978 2415 4059 divinum,
2464 3984 2532 4041 ut
2578 3979 2702 4041 sint
2747 3976 2989 4041 decime
3035 3975 3204 4041 deci-

542 4112 789 4155 marum
850 4110 1095 4153 summo
1158 4085 1467 4152 sacerdoti
1515 4085 1751 4162 debite,
1815 4086 1947 4148 sive
1993 4083 2074 4147 ad
2124 4086 2234 4171 jus
2279 4083 2623 4148 humanum
2673 4084 3039 4163 referamus,
3089 4106 3206 4170 pro

544 4209 715 4262 certo
761 4195 1151 4260 affirmamus
1195 4216 1412 4258 eorum
1460 4194 1909 4257 institutionem
1960 4214 2084 4255 non
2132 4190 2291 4255 adeo
2339 4213 2572 4256 novam
2617 4201 2689 4256 ut
2728 4190 2967 4256 Joanni
2997 4190 3205 4255 XXII

545 4303 742 4393 (quod
792 4303 1070 4389 plerique
1117 4299 1433 4387 aseruere)
1482 4297 1742 4363 attribui
1787 4299 2055 4385 possint,
2104 4297 2608 4384 quandoquidem
2658 4296 2908 4362 illarum
2958 4299 3295 4363 instita-35

546 4414 775 4477 tionem
826 4410 1141 4474 Vienense
1187 4407 1519 4473 concilium
1568 4405 2037 4492 approbaverit,
2081 4404 2252 4493 quod
2297 4404 2581 4470 habitum
2627 4406 2748 4470 fuit
2792 4428 2962 4471 anno
3015 4416 3206 4490 1311,

544 4527 609 4584 et
636 4518 915 4584 ,Ioannis
945 4515 1194 4580 Andree
1224 4518 1274 4602 ¹)
1320 4524 1384 4579 et
1413 4514 1737 4596 Ostiensis,
1787 4513 1895 4599 qui
1941 4512 2209 4578 Joannis
2239 4511 2442 4577 XXII
2488 4521 2774 4599 tempora
2819 4535 3203 4600 precessere,

692 4714 731 4783 ¹)
768 4714 1049 4768 Johannes
1086 4713 1361 4781 Andreae,
1396 4713 1681 4768 Glossator
1717 4711 1812 4765 des
1837 4710 2011 4766 Liber
2029 4710 2228 4766 Sextus
2261 4709 2381 4765 und
2415 4709 2515 4765 dor
2542 4711 2930 4778 Gknevoeim,
2970 4710 3007 4781 †
3045 4716 3201 4769 1348.
