3500 5300
608 324 717 390 m
1718 332 1817 388 No.
1847 332 1945 388 1*:
1983 332 2137 388 1536.

416 528 557 581 1536
606 526 855 592 scilicet
899 528 1271 608 sacrificant,
1315 536 1381 595 et
1425 531 1560 594 sine
1590 530 1850 594 crimine
1881 537 2043 593 sunt.
2117 531 2211 595 sic
2242 539 2307 593 et
2336 528 2697 594 sacerdotes
2735 528 3269 594 circumferentes

607 655 819 699 arcam
865 633 1103 699 domini
1148 638 1385 702 circum
1414 635 1682 701 Hierico
1728 644 1976 723 septem
2019 634 2264 716 diebus,
2309 634 2479 701 unde
2525 645 2589 700 et
2633 634 2739 700 die
2770 634 2976 700 sabati
2992 685 3010 715 ,
3056 634 3266 701 Josue

606 763 660 806 c.
721 751 758 808 6
805 745 881 824 ¹),
966 763 1096 807 non
1182 741 1805 828 transgrediebantur
1892 751 2264 831 preceptum
2346 742 2426 808 de
2508 741 2945 808 satisfactione
3027 743 3263 808 sabati.

605 848 895 914 similiter
938 849 1293 936 spirituales
1347 859 1526 916 actus
1572 849 1742 916 diem
1790 849 2024 915 festum
2066 873 2193 918 non
2237 850 2496 929 violant,
2562 849 2733 915 unde
2777 848 3044 914 Numeri
3074 853 3122 930 ⁸)
3175 861 3259 918 28

605 954 763 1021 dicit
805 954 1017 1041 glossa
1059 955 1231 1043 quod
1276 956 1442 1023 fabri
1490 966 1555 1023 et
1598 956 1960 1043 hujusmodi
2006 957 2277 1022 artifices
2323 960 2607 1022 ociantur
2637 957 2740 1022 die
2772 956 3009 1036 sabati;
3056 957 3261 1023 lector
3310 967 3344 1019 5

604 1071 817 1128 autem
861 1061 1080 1129 divine
1136 1063 1295 1148 legis
1353 1073 1418 1130 et
1472 1063 1698 1130 doctor
1752 1064 1834 1129 ab
1893 1086 2083 1151 opere
2142 1086 2258 1129 suo
2303 1086 2432 1130 non
2476 1065 2715 1129 desinit
2757 1073 2823 1128 et
2865 1073 3082 1130 tamen
3127 1087 3258 1130 non

603 1173 990 1236 contaminat
1056 1170 1364 1236 sabatum.
1476 1170 1701 1236 diebus
1785 1173 1976 1236 etiam
2042 1171 2225 1236 festis
2294 1180 2550 1237 tenetur
2615 1175 2757 1257 quis
2825 1170 3062 1237 nedum
3129 1172 3257 1238 sibi

603 1277 966 1364 providere,
1021 1277 1137 1344 sed
1192 1287 1258 1343 et
1301 1280 1591 1365 proximo
1607 1327 1625 1358 ,
1682 1280 1749 1342 in
1804 1277 1904 1342 his
1962 1281 2264 1366 precipue
2320 1300 2445 1365 que
2503 1278 2586 1343 ad
2644 1278 2910 1343 salutem
2966 1281 3256 1367 corporis

602 1386 937 1472 pertinent,
995 1384 1343 1451 secundum
1397 1384 1556 1450 illud
1598 1383 1901 1451 Proverb.
1973 1395 2055 1452 24
2084 1388 2162 1468 ε);
2232 1408 2380 1451 erue
2447 1407 2555 1451 eos
2613 1387 2719 1471 qui
2787 1384 3106 1451 ducuntur
3171 1386 3254 1452 ad

602 1500 902 1573 mortem3
946 1494 1247 1579 quinymo
1291 1494 1484 1558 etiam
1528 1491 1612 1557 ad
1654 1491 1988 1558 vitandum
2018 1491 2319 1557 damnum
2367 1495 2548 1580 juxta
2599 1491 2758 1557 illud
2788 1492 3022 1558 Deuto.
3057 1502 3142 1559 22
3172 1495 3252 1576 ⁸):
3274 1501 3339 1555 10

602 1621 729 1664 non
786 1598 1039 1665 videbis
1099 1621 1287 1665 ovem
1345 1608 1411 1665 et
1468 1599 1699 1665 bovem
1761 1599 1990 1665 fratris
2035 1601 2128 1663 tui
2189 1610 2498 1665 errantem
2567 1609 2632 1664 et
2698 1600 3033 1687 preteribis
3047 1651 3068 1680 ‚
3135 1601 3252 1666 sed

599 1705 865 1773 reduces
912 1706 1092 1772 fratri
1136 1715 1281 1786 tuo;
1328 1714 1393 1771 et
1437 1728 1552 1793 pro
1598 1707 1801 1772 salute
1846 1728 1993 1786 sua,
2051 1709 2217 1771 sicut
2261 1706 2557 1772 Macabci
2614 1729 2742 1771 non
2788 1707 3108 1772 violarunt
3151 1730 3254 1772 sa—

599 1812 818 1879 batum
875 1822 1230 1902 pugnantes
1288 1834 1366 1879 eo
1425 1813 1561 1880 die:
1626 1816 1832 1902 primo
1876 1813 2129 1880 Macab.
2175 1836 2230 1879 c.
2279 1822 2314 1878 2
2346 1816 2391 1896 ⁴)
2409 1840 2427 1894 3
2485 1836 2604 1879 nec
2661 1812 2840 1879 Elias
2899 1813 3154 1900 fugiens
3213 1838 3252 1880 a

599 1920 767 1986 facie
810 1918 855 1985 J
856 1920 1071 1986 esabel
1115 1922 1183 1986 in
1212 1920 1317 1986 die
1364 1921 1569 1986 sabati
1582 1946 1599 2001 ;
1644 1929 1907 2007 propter
1949 1919 2122 2007 quod
2168 1922 2359 1986 etiam
2399 1920 2694 1986 dominus
2742 1924 3074 1986 excusavit
3119 1920 3250 1986 dis-

599 2027 849 2115 cipulos
907 2049 1087 2109 suos,
1144 2030 1254 2114 qui
1311 2027 1697 2114 colligebant
1752 2031 1963 2115 spicas
2025 2036 2090 2092 et
2146 2028 2440 2094 manibus
2495 2027 2812 2093 fricabant
2862 2031 3248 2094 necessitate
3271 2035 3331 2088 15

598 2133 845 2201 inducti
873 2135 949 2217 ⁶);
996 2143 1063 2201 et
1104 2133 1149 2200 J
1149 2138 1371 2201 oannis
1421 2144 1458 2201 6
1487 2137 1534 2218 ⁶)
1581 2134 1745 2200 dixit
1789 2134 2114 2200 dominus:
2174 2133 2331 2200 mihi
2373 2134 2803 2219 indignamini,
2850 2136 3002 2221 quia
3043 2143 3246 2201 totum

598 2241 917 2308 hominem
963 2242 1209 2308 salvum
1253 2242 1381 2308 feci
1428 2243 1494 2306 in
1541 2241 1801 2322 sabat03
1860 2249 1925 2306 et
1968 2241 2128 2307 Mat.
2179 2250 2258 2307 12
2289 2242 2366 2324 ⁷):
2427 2245 2570 2327 quis
2629 2265 2706 2307 ex
2765 2242 2954 2308 vobis
3012 2241 3241 2308 habeat

598 2372 788 2415 unam
833 2371 1018 2415 ovem
1065 2358 1131 2414 et
1197 2352 1251 2414 si
1318 2348 1622 2415 ceciderit
1676 2352 1743 2413 in
1809 2347 2067 2414 foveam
2134 2347 2239 2413 die
2308 2349 2541 2428 sabati,
2594 2371 2804 2414 nonne
2869 2349 3117 2414 tenebit
3181 2365 3246 2414 et

594 2456 836 2522 levabit
879 2458 1063 2523 eam?
1150 2465 1488 2543 propterea
1542 2477 1670 2520 non
1726 2455 2185 2543 prohibuerunt
2239 2457 2401 2520 sacri
2459 2477 2733 2520 canones
2793 2455 2987 2541 (quod
3029 2464 3244 2521 tamen

596 2563 905 2652 objiciunt
943 2566 1116 2653 justi)
1161 2565 1217 2629 si
1262 2585 1429 2650 aqua
1471 2563 1688 2651 pluvia
1730 2564 1800 2627 in
1843 2560 2094 2628 modico
2139 2570 2279 2628 estu
2323 2562 2537 2649 fruges
2583 2562 3049 2650 periclitentur,
3094 2564 3242 2651 quin
3260 2562 3328 2617 2⁰

594 2672 810 2759 fruges
856 2674 923 2737 in
967 2694 1146 2737 orrea
1190 2679 1299 2737 aut
1342 2672 1463 2737 sub
1506 2678 1679 2738 tecto
1725 2670 2002 2737 conferri
2042 2672 2304 2759 possint.
2379 2670 2552 2757 quod
2593 2693 2723 2736 non
2753 2672 2960 2736 solum
2988 2672 3243 2759 permit-

595 2788 741 2846 tunt
795 2782 865 2847 in
920 2776 1184 2846 vitando
1242 2778 1472 2845 damno
1486 2828 1504 2859 ,
1562 2775 1677 2843 sed
1736 2780 1930 2844 etiam
1988 2779 2055 2842 in
2097 2778 2273 2845 lucro
2319 2775 2635 2866 captando
2648 2826 2666 2858 ,
2723 2786 2796 2842 ut
2852 2779 2921 2843 in
2985 2800 3039 2843 c.
3095 2778 3244 2844 licet

598 2886 680 2953 de
724 2886 902 2953 feriis
930 2888 995 2969 ⁸).

774 2993 947 3072 Quia
999 3002 1213 3059 tamen
1272 2995 1634 3059 successive
1660 3033 1666 3039 -
1693 2994 1896 3059 crevit
1946 3014 2242 3058 numerus
2301 2991 2545 3057 dierum
2587 2992 2896 3057 festorum
2940 2995 3006 3056 in
3051 2993 3244 3080 pluri-

595 3100 838 3188 busque
883 3100 1192 3168 hesitetur
1234 3122 1316 3165 an
1362 3100 1480 3165 sub
1525 3107 1828 3188 precepto
1874 3099 2108 3165 cadant
2147 3108 2215 3165 et
2242 3121 2323 3164 an
2351 3121 2489 3164 mos
2520 3100 2724 3186 patrie
2756 3107 2822 3164 et
2851 3098 3243 3165 consuetudo
3259 3097 3324 3154 ὕ

596 3231 637 3274 a
678 3231 805 3274 non
851 3208 1291 3275 observatione
1337 3214 1617 3287 excuset,
1659 3215 1883 3294 posset
1925 3204 2153 3272 San¹¹¹¹²⁸
2201 3205 2493 3271 dominus
2536 3204 2774 3271 Noster
2816 3205 2887 3271 id
2932 3229 3049 3273 sua
3094 3228 3244 3273 con-

593 3317 921 3381 stitutione
997 3314 1318 3381 declarare
1386 3323 1452 3380 et
1524 3336 1601 3378 ea
1666 3335 1790 3400 que
1878 3314 1944 3379 in
2018 3335 2074 3378 c.
2148 3310 2683 3401 pronuntiandum
2763 3311 2846 3380 de
2930 3334 3244 3380 consensu

592 3421 677 3487 di.
725 3432 764 3490 3
794 3423 839 3505 ⁹)
896 3431 962 3488 et
1003 3424 1072 3488 in
1117 3444 1256 3509 cap.
1300 3421 1359 3487 fi.
1404 3420 1490 3486 de
1532 3418 1712 3486 feriis
1730 3423 1801 3503 ¹⁰)
1844 3428 2305 3500 enumerantur,
2371 3420 2492 3486 sub
2545 3428 2851 3508 precepto
2906 3420 3242 3508 explicas,

590 3530 659 3594 in
715 3530 856 3596 aliis
914 3538 1126 3597 autem
1181 3551 1222 3595 a
1280 3528 1586 3595 Romanis
1642 3525 2049 3615 pontificibus
2109 3536 2176 3593 et
2231 3528 2550 3615 episcopis
2604 3525 2867 3593 indictis
2925 3528 3047 3594 sub
3093 3550 3242 3595 con-

732 3798 776 3847 .)
805 3795 905 3838 seer
931 3797 1062 3839 aurea
1088 3796 1315 3838 rmaeuur
1339 3794 1592 3837 κηαηικειι.
3256 3769 3322 3823 30

737 3920 782 3993 ¹)
820 3922 932 3978 Jos.
972 3927 1007 3977 6
1041 3939 1092 3977 v.
1131 3925 1182 3977 4.

733 4008 781 4080 ²)
817 4011 981 4067 Pron.
1017 4014 1177 4067 2412.
1218 4015 1298 4067 11.

737 4099 776 4171 ¹)
814 4102 1008 4157 5Mos.
1045 4105 1125 4157 22
1160 4119 1206 4156 υ.
1244 4103 1292 4155 1.

732 4190 775 4259 ⁴)
811 4190 1111 4245 1Maccab.
1147 4192 1188 4245 2
1223 4206 1273 4244 v.
1312 4189 1458 4256 3217‘.

732 4278 774 4345 ⁶)
811 4278 916 4333 Eo.
953 4279 1123 4333 Math
1176 4282 1249 4334 12
1283 4296 1332 4333 v.
1372 4277 1478 4344 lff.
3257 4274 3320 4331 35

734 4366 780 4439 ⁰)
819 4368 925 4423 Ευ.
964 4368 1076 4423 Joh
1133 4372 1167 4423 7
1202 4387 1246 4424 υ.
1282 4371 1370 4423 23.

737 4456 774 4525 τ)
810 4458 914 4513 Ευ.
952 4458 1131 4512 Math.
1169 4462 1238 4513 12
1274 4475 1322 4512 v.
1362 4462 1406 4512 1.

732 4545 772 4614 Β)
808 4546 937 4602 Lib.
974 4546 1053 4601 H
1080 4548 1163 4602 tit.
1203 4550 1239 4602 9
1267 4563 1310 4602 c.
1348 4551 1400 4602 3.

732 4634 776 4700 ⁹)
814 4651 860 4690 c.
888 4640 920 4689 1
953 4636 1028 4690 D.
1065 4639 1102 4691 3
1136 4636 1207 4691 de
1242 4652 1386 4691 cons.

714 4722 778 4791 ²⁰)
814 4723 939 4778 Lib.
976 4724 1054 4780 ΙΙ
1082 4725 1166 4779 tit.
1204 4728 1240 4779 9
1275 4741 1318 4780 c.
1355 4728 1406 4779 5.
3253 4730 3316 4787 40
