3500 5300
1231 400 1329 455 No.
1367 404 1462 456 86:
1504 405 1641 458 1538
1680 403 1828 475 April
1868 406 1951 460 12.
2814 403 2924 464 275

263 619 372 661 sue
416 595 871 683 patrimoniali,
927 596 1099 684 quali
1144 621 1298 663 sono
1345 601 1409 663 in
1456 621 1667 666 mezzo
1728 601 1830 665 del
1878 603 2089 666 Turco
2137 609 2198 666 et
2243 603 2322 666 de
2370 603 2733 687 Lutherani‚
2782 627 2920 690 pre-
2994 609 3135 658 1538

260 726 427 789 gava
472 705 602 769 Sua
647 705 893 769 Santita
938 704 1165 769 volessi
1214 706 1610 792 concedergli
1657 708 1780 772 due
1825 710 2057 794 gratie,
2115 732 2291 774 come
2337 712 2387 774 si
2435 713 2720 775 contiene
2776 710 2917 775 nell'
2940 676 3078 745 ΑΨ·
3121 682 3192 731 12

259 811 499 876 incluso
546 811 906 876 memoriale
951 811 1144 876 hauto
1191 812 1273 876 da
1320 813 1451 879 Sua
1497 813 1738 878 Maesta
1775 817 1847 902 ¹),
1896 816 2310 902 supplicando
2358 817 2487 881 Sua
2517 818 2764 883 Santita
2793 842 2920 883 non

260 917 472 1003 voglia
516 919 822 983 mancarli
867 920 933 982 in
979 920 1182 1005 questi
1228 920 1460 1000 adiuti,
1522 928 1585 985 et
1629 922 2066 1007 promettendo
2127 931 2295 988 certo
2344 922 2460 987 che
2506 932 2666 989 tutto
2713 925 2918 1012 quello

205 1027 311 1094 5si
357 1029 588 1090 cavera
632 1028 778 1090 sara
821 1024 1178 1090 fidelmente
1224 1027 1526 1091 collocato
1574 1035 1795 1092 contra
1839 1029 1884 1092 il
1916 1029 2146 1112 TurcO‚
2194 1038 2256 1094 et
2302 1054 2342 1093 a
2382 1039 2601 1117 questo
2648 1034 2699 1096 si
2744 1032 2916 1096 exhi-

261 1129 423 1196 bisse
468 1154 761 1198 recevere
807 1136 954 1219 ogni
1003 1133 1222 1198 ordine
1281 1132 1466 1220 quale
1524 1133 1610 1219 gli
1672 1137 1816 1199 sara
1859 1144 2037 1221 posto
2085 1159 2199 1221 per
2245 1135 2374 1201 Sua
2421 1137 2666 1212 Santith.
2713 1138 2918 1202 mede·

260 1240 432 1303 sima.
524 1263 628 1304 ma
675 1263 789 1327 per
833 1240 1053 1305 l’amor
1098 1241 1177 1305 de
1209 1241 1335 1305 Dio
1382 1264 1577 1328 prega
1610 1243 1741 1306 Sua
1772 1243 2017 1307 Santita
2063 1265 2187 1307 non
2236 1243 2322 1328 gli
2368 1242 2579 1328 voglia
2623 1267 2919 1309 mancare

257 1347 320 1410 in
368 1354 542 1412 tanto
589 1358 851 1435 urgente
896 1350 1162 1436 bisogno
1230 1372 1345 1436 per
1404 1349 1465 1413 la
1511 1348 1949 1432 Christianita„
2011 1350 2305 1415 havendo
2352 1353 2538 1415 etiam
2585 1353 2917 1437 risguardo

259 1452 378 1519 alle
422 1478 581 1541 gran
653 1479 829 1541 spese
898 1458 1051 1521 fatte
1117 1459 1183 1521 in
1246 1456 1289 1520 li
1349 1457 1499 1519 anni
1560 1458 1796 1542 passati
1859 1458 1942 1521 da
1990 1457 2120 1522 Sua
2167 1457 2411 1522 Maesta
2455 1466 2519 1522 et
2564 1458 2646 1521 da
2691 1457 2733 1522 li
2783 1461 2917 1524 suoi

174 1578 239 1629 10
259 1560 491 1625 subditi
539 1573 759 1628 contra
805 1565 962 1629 ditto
996 1565 1231 1646 Tame,
1279 1563 1532 1650 quando
1581 1565 1724 1630 tutti
1771 1563 1812 1626 li
1859 1563 2001 1628 altri
2033 1566 2306 1650 principi
2340 1563 2660 1629 christiani
2707 1565 2916 1630 hanno

259 1670 594 1755 ripossat03
622 1679 685 1735 et
712 1672 1169 1737 considerando
1195 1671 1308 1736 che
1323 1681 1540 1758 queste
1565 1673 1948 1736 concessioni
1974 1693 2098 1735 non
2115 1694 2404 1757 vengono
2428 1673 2489 1735 in
2518 1673 2701 1737 alcun
2729 1675 2916 1738 modo

258 1777 321 1838 in
370 1776 744 1842 detrimento
793 1778 893 1843 del
941 1778 1109 1844 culto
1157 1780 1400 1858 divino,
1448 1779 1588 1841 anzi
1634 1780 1695 1841 in
1746 1787 2148 1863 augumento,
2197 1781 2473 1843 maxime
2519 1779 2580 1843 la
2627 1781 2917 1864 seconda‚

258 1882 319 1946 la
364 1885 510 1970 qual
559 1907 745 1949 senza
794 1885 977 1951 alcun
1010 1884 1270 1968 dubbio,
1319 1908 1383 1949 se
1431 1887 1573 1949 sara
1619 1884 1780 1949 bene
1812 1887 2128 1971 exequita‚
2177 1887 2320 1949 sara
2352 1884 2501 1949 utile
2534 1909 2659 1951 non
2702 1887 2831 1951 solo
2878 1909 2918 1951 a

259 1990 389 2055 Sua
434 1991 708 2075 Maesta,
769 2017 875 2058 ma
922 2016 1157 2058 ancora
1201 1993 1260 2058 al
1309 1992 1613 2059 beneficio
1662 1992 1822 2057 delle
1868 1995 2079 2058 anime
2125 1991 2268 2057 delli
2317 1992 2588 2077 sudditi3
2649 1994 2916 2058 dicendo

168 2097 300 2165 15i1
347 2099 689 2164 medesimo
759 2100 923 2165 della
982 2103 1216 2188 prima,
1285 2099 1514 2187 perche
1570 2099 1759 2186 quelli
1820 2101 2156 2164 monasteri
2217 2097 2427 2162 hanno
2486 2099 2527 2164 li
2590 2101 2915 2166 medesimi

256 2204 483 2269 redditi
532 2205 820 2271 havendo
867 2230 1026 2293 poco
1074 2229 1335 2271 numero
1383 2207 1460 2272 de
1506 2208 1684 2289 frati,
1745 2206 1914 2293 quali
1975 2230 2188 2272 vanno
2249 2208 2599 2272 mancando
2649 2209 2711 2271 in
2757 2216 2916 2272 tutte

400 2385 442 2452 ¹)
482 2385 606 2440 Das
657 2386 872 2441 Gesuch
914 2388 1046 2455 lieyt
1090 2387 1155 2440 in
1200 2385 1487 2451 Abschrifi
1537 2386 1620 2440 b'ei
1666 2386 1789 2439 und
1835 2386 1933 2439 hat
1983 2386 2089 2439 den
2143 2387 2450 2441 Wortlaut:
2498 2386 2636 2442 Cum
2685 2387 2742 2440 in
2780 2387 2913 2442 locis

254 2474 582 2528 Germaniae
619 2476 915 2545 superioris
950 2476 1164 2546 imperii
1204 2475 1437 2530 Romani
1476 2477 1835 2545 complurima
1885 2485 1940 2530 et
1977 2476 2391 2545 opulentissima
2431 2477 2717 2547 utriusque
2754 2493 2913 2530 sexus

255 2566 585 2618 monasteria
622 2565 931 2620 habeantur
968 2583 1110 2636 quae
1159 2566 1273 2619 suis
1312 2564 1618 2619 redditibus
1669 2572 1724 2619 et
1773 2565 2128 2634 proventibus
2179 2566 2508 2636 expeditioni
2547 2565 2754 2636 Regiae
2805 2565 2911 2620 Ro-

162 2658 235 2709 ‘20
254 2671 536 2708 manorum
576 2655 883 2724 Majestatis
921 2663 1025 2710 etc.
1065 2664 1258 2709 contra
1295 2656 1549 2710 Turchas
1587 2655 1728 2709 citra
1765 2656 1986 2725 aliquod
2025 2674 2284 2726 magnum
2325 2656 2725 2710 incommodum
2763 2656 2911 2710 dam·

253 2758 494 2813 numque
541 2762 699 2798 suum
746 2746 1005 2815 opitulari
1051 2745 1291 2814 possint,
1341 2745 1482 2814 petit
1534 2744 1796 2814 Majestas
1845 2743 1957 2797 Sua
1993 2744 2172 2815 Regia
2218 2744 2322 2798 sibi
2373 2762 2409 2798 a
2457 2745 2636 2799 Sanmo
2677 2744 2912 2799 Domino

254 2832 456 2887 Nostro
492 2850 591 2903 per
627 2835 892 2904 speciales
929 2835 1141 2888 litteras
1178 2834 1451 2904 indulgeri
1498 2842 1562 2888 ut
1599 2835 1666 2887 de
1715 2834 1980 2904 ejusmodi
2031 2835 2481 2888 monasteriorum
2529 2834 2688 2887 bonis
2724 2835 2909 2888 immo-

251 2921 458 2976 bilibus
485 2923 738 2977 omnibus
765 2924 1043 2977 dimidiam
1072 2930 1172 2978 aut
1199 2924 1417 2977 tertiam
1444 2923 1530 2976 vel
1559 2930 1811 2993 quartam
1840 2931 2050 2991 partem
2088 2922 2259 2977 libere
2286 2923 2517 2977 vendere
2544 2924 2912 2993 impignorare

251 3011 624 3082 hypothecam
672 3013 759 3066 vel
808 3013 916 3067 alio
963 3014 1123 3066 modo
1168 3030 1269 3083 pro
1321 3012 1650 3066 necessitate
1705 3013 2050 3066 convenienti
2099 3012 2387 3082 disponere
2436 3012 2612 3082 possit
2660 3012 2730 3066 ad
2766 3012 2910 3067 banc

159 3102 233 3156 25
253 3107 365 3154 tam
420 3101 569 3171 piam
625 3102 1031 3173 salutaremque
1086 3102 1485 3171 expeditionem
1544 3109 1736 3156 contra
1786 3101 2029 3169 Tui-cas,
2087 3109 2301 3155 attento
2350 3119 2412 3154 co
2476 3101 2706 3154 maxime
2759 3102 2910 3171 quod

253 3190 464 3243 etiamsi
516 3190 788 3245 dictorum
840 3192 1317 3258 monasteriorum,
1381 3208 1522 3262 quae
1585 3191 1736 3244 nulla
1787 3208 2026 3261 unquam
2077 3191 2276 3244 damna
2335 3191 2628 3258 senserint,
2688 3192 2757 3243 ad
2805 3191 2910 3245 boc

252 3287 503 3333 sanctum
553 3296 691 3349 opus
739 3287 796 3334 et
832 3281 1199 3334 necessarium
1237 3281 1573 3334 commodius
1612 3278 2005 3349 perficiendum
2053 3279 2267 3334 fructus
2306 3296 2611 3350 censusque
2656 3280 2908 3333 diminuti

250 3368 472 3435 fuerint,
509 3357 565 3422 id
593 3368 756 3424 facile
792 3371 915 3440 ipsa
940 3369 1014 3424 ob
1041 3370 1472 3441 magnitudinem
1502 3369 1715 3424 scilicet
1742 3369 2054 3423 reddituum
2100 3385 2322 3423 suorum
2358 3368 2503 3423 ferre
2538 3385 2604 3423 ac
2643 3369 2911 3423 sustinere

253 3466 471 3529 queant.

156 3552 233 3605 30
395 3546 606 3601 Deinde
643 3548 776 3618 quia
823 3547 878 3601 in
913 3549 1108 3617 patriis
1158 3556 1215 3601 et
1249 3548 1504 3601 dominiis
1541 3547 1749 3617 Regiae
1793 3547 2098 3617 Majestatis
2147 3555 2204 3600 et
2252 3547 2538 3616 presertim
2587 3547 2642 3600 in
2681 3546 2910 3600 Austris.

252 3635 506 3691 inferiore
542 3637 911 3707 parrochiales
949 3637 1213 3691 ecclesiae
1250 3638 1556 3708 permultae
1595 3637 1909 3707 pastoribus
1947 3643 2137 3690 carent
2173 3643 2228 3690 et
2265 3637 2563 3689 destitutae
2601 3644 2748 3703 sunt,
2783 3652 2906 3705 par·

250 3725 351 3779 tim
407 3726 538 3796 quia
592 3743 655 3779 ex
712 3725 896 3779 fundis
950 3726 1228 3780 dotalibus
1283 3744 1390 3780 non
1448 3726 1655 3780 habent
1716 3732 1802 3779 tot
1857 3726 2103 3780 redditus
2158 3725 2360 3796 quibus
2425 3731 2707 3779 curatores
2762 3725 2907 3778 alere

252 3815 630 3885 sustinereque
667 3816 909 3885 possint,
957 3817 1159 3885 partim
1197 3817 1329 3886 quia
1365 3815 1438 3869 ob
1476 3815 1824 3869 Turcbarum
1862 3815 2176 3886 frequentes
2215 3814 2550 3869 incursiones
2587 3814 2906 3868 devastatae

251 3912 308 3957 et
343 3904 619 3958 desolatae
648 3905 901 3969 existant,
939 3905 1143 3975 partim
1181 3905 1313 3975 quia
1350 3921 1585 3974 magnus
1621 3904 1888 3974 ejusmodi
1917 3904 2261 3958 sacerdotum
2289 3902 2538 3958 defectus
2574 3904 2629 3957 in
2667 3904 2735 3957 iis
2772 3902 2907 3957 locis

156 3995 516 4063 35appareat
551 4001 623 4062 et,
661 3994 711 4047 si
744 3994 843 4064 qui
880 4001 1038 4063 sunt,
1084 3994 1280 4048 nolunt
1310 4002 1492 4048 tamen
1531 3994 1586 4047 in
1633 3993 1905 4063 plebaniis
1951 4002 2008 4047 et
2053 3991 2328 4047 benefitiis
2365 3993 2602 4060 curatis,
2658 4009 2801 4063 quae
2835 3992 2905 4047 ad

252 4089 631 4153 paupertatem
681 4083 937 4137 redactae
987 4092 1115 4137 sunt
1165 4092 1221 4138 et
1270 4084 1413 4137 unde
1464 4084 1551 4136 vix
1600 4083 1782 4138 vivere
1836 4090 2071 4154 queant,
2118 4082 2438 4136 commorari
2476 4089 2644 4152 atque
2681 4082 2905 4152 degere:

248 4172 391 4242 petit
428 4171 692 4241 Majestas
731 4171 910 4243 Regia
946 4173 1093 4243 quod
1132 4173 1478 4226 medietatem
1529 4172 1840 4226 reddituum
1879 4171 2120 4225 omnium
2157 4169 2547 4225 beneficiorum
2585 4170 2907 4240 simplitium

248 4278 315 4315 ac
354 4278 460 4314 non
498 4268 830 4329 curatorum,
868 4278 1054 4315 eorum
1094 4268 1309 4315 tantum
1346 4278 1453 4332 que
1492 4268 1691 4315 vacant
1728 4277 1792 4314 ex
1831 4276 1895 4314 eo
1932 4260 2078 4331 quod
2115 4260 2200 4313 vel
2239 4260 2557 4313 fundatores
2594 4259 2906 4314 collatores-

249 4367 357 4421 que
406 4350 492 4404 vel
548 4350 790 4405 locorum
842 4351 1149 4420 superiores
1201 4351 1466 4422 ejusmodi
1514 4348 1898 4404 benefitiorum
1965 4348 2180 4403 fructus
2230 4348 2471 4402 indebite
2526 4366 2591 4403 ac
2638 4349 2705 4402 de
2755 4347 2905 4403 facto

154 4444 593 4510 40oecuparunt
629 4446 686 4494 et
722 4440 776 4493 in
815 4440 1129 4510 prophanos
1167 4458 1300 4493 usus
1329 4447 1735 4503 converterunt,
1771 4440 1848 4493 ad·
1872 4438 2233 4509 providendas
2269 4447 2327 4493 et
2354 4438 2684 4508 reparandas
2721 4455 2903 4507 parro-

249 4531 456 4585 chiales
494 4530 755 4585 ecclesias
792 4530 1038 4583 desertas
1076 4536 1133 4583 et
1169 4531 1571 4600 depauperatas
1607 4530 1906 4584 accedente
1952 4529 2256 4599 apostolico
2303 4545 2571 4582 consensu
2607 4528 2903 4597 applicare,

246 4619 475 4673 alteram
530 4636 658 4672 vero
712 4623 923 4688 partem
972 4622 1032 4672 in
1094 4619 1463 4672 defensionem
1525 4626 1693 4689 atque
1754 4618 1960 4672 bellum
2019 4626 2212 4672 contra
2271 4616 2524 4671 Turcbas
2588 4620 2904 4671 convertere

250 4709 426 4779 possit
482 4738 545 4745 -
596 4697 736 4761 Uber
786 4708 874 4760 die
926 4708 1343 4763 Zuracknahme
1391 4708 1564 4763 dieser
1600 4707 1984 4761 exorbitantem
2023 4708 2301 4775 Beyehren
2357 4706 2534 4760 durch
2571 4704 2905 4760 Fer-dinami

249 4798 408 4853 solbat
443 4813 484 4851 s.
522 4815 577 4849 u.
616 4813 701 4852 nr.
741 4800 829 4851 90.

2369 4883 2479 4937 18·
