<?xml version="1.0" encoding="UTF-8"?>
<!DOCTYPE html PUBLIC "-//W3C//DTD XHTML 1.0 Transitional//EN"
    "http://www.w3.org/TR/xhtml1/DTD/xhtml1-transitional.dtd">
<html xmlns="http://www.w3.org/1999/xhtml" xml:lang="en" lang="en">
 <head>
  <title>
</title>
<meta http-equiv="Content-Type" content="text/html;charset=utf-8" />
  <meta name='ocr-system' content='tesseract 3.04.00' />
  <meta name='ocr-capabilities' content='ocr_page ocr_carea ocr_par ocr_line ocrx_word'/>
</head>
<body>
  <div class='ocr_page' id='page_1' title='image "./nuntiaturberich02deugoog_1139.png"; bbox 0 0 3500 5300; ppageno 0'>
   <div class='ocr_carea' id='block_1_1' title="bbox 628 307 2360 371">
    <p class='ocr_par' dir='ltr' id='par_1_1' title="bbox 628 307 2360 371">
     <span class='ocr_line' id='line_1_1' title="bbox 628 307 2360 371; baseline -0.002 -1"><span class='ocrx_word' id='word_1_1' title='bbox 628 307 735 371; x_wconf 70' lang='grc'><strong>442</strong></span> <span class='ocrx_word' id='word_1_2' title='bbox 1550 308 1647 367; x_wconf 77' lang='lat' dir='ltr'><strong>No,</strong></span> <span class='ocrx_word' id='word_1_3' title='bbox 1689 311 1824 367; x_wconf 82' lang='lat'>11*:</span> <span class='ocrx_word' id='word_1_4' title='bbox 1868 309 2005 368; x_wconf 77' lang='lat'>1538</span> <span class='ocrx_word' id='word_1_5' title='bbox 2041 308 2240 366; x_wconf 84' lang='lat' dir='ltr'><strong>Januar</strong></span> <span class='ocrx_word' id='word_1_6' title='bbox 2275 309 2360 367; x_wconf 84' lang='lat'><strong>30.</strong></span> 
     </span>
    </p>
   </div>
   <div class='ocr_carea' id='block_1_2' title="bbox 367 507 3478 4769">
    <p class='ocr_par' dir='ltr' id='par_1_2' title="bbox 367 507 3478 4769">
     <span class='ocr_line' id='line_1_2' title="bbox 420 507 3308 596; baseline -0.001 -22"><span class='ocrx_word' id='word_1_7' title='bbox 420 521 561 570; x_wconf 70' lang='lat'><strong>1538</strong></span> <span class='ocrx_word' id='word_1_8' title='bbox 810 510 909 574; x_wconf 90' lang='lat' dir='ltr'><strong>He</strong></span> <span class='ocrx_word' id='word_1_9' title='bbox 982 508 1283 596; x_wconf 76' lang='lat' dir='ltr'>capitales</span> <span class='ocrx_word' id='word_1_10' title='bbox 1353 517 1416 575; x_wconf 89' lang='lat' dir='ltr'><strong>et</strong></span> <span class='ocrx_word' id='word_1_11' title='bbox 1488 509 1867 596; x_wconf 79' lang='lat' dir='ltr'>principales</span> <span class='ocrx_word' id='word_1_12' title='bbox 1939 510 2230 587; x_wconf 87' lang='lat' dir='ltr'><strong>materie,</strong></span> <span class='ocrx_word' id='word_1_13' title='bbox 2301 531 2458 596; x_wconf 86' lang='lat' dir='ltr'><strong>quas</strong></span> <span class='ocrx_word' id='word_1_14' title='bbox 2530 530 2701 572; x_wconf 90' lang='lat' dir='ltr'><strong>nunc</strong></span> <span class='ocrx_word' id='word_1_15' title='bbox 2759 507 3089 589; x_wconf 85' lang='lat' dir='ltr'><strong>recensui,</strong></span> <span class='ocrx_word' id='word_1_16' title='bbox 3159 519 3308 572; x_wconf 87' lang='lat' dir='ltr'><strong>sunt</strong></span> 
     </span>
     <span class='ocr_line' id='line_1_3' title="bbox 367 592 3305 704; baseline -0.001 -21"><span class='ocrx_word' id='word_1_17' title='bbox 367 592 501 642; x_wconf 67' lang='lat'><strong>’¹⁰⁹³‘</strong></span> <span class='ocrx_word' id='word_1_18' title='bbox 539 593 614 641; x_wconf 74' lang='lat'><strong>30</strong></span> <span class='ocrx_word' id='word_1_19' title='bbox 632 620 885 683; x_wconf 91' lang='lat' dir='ltr'><strong>omnino</strong></span> <span class='ocrx_word' id='word_1_20' title='bbox 944 618 1156 683; x_wconf 82' lang='lat' dir='ltr'><strong>divine</strong></span> <span class='ocrx_word' id='word_1_21' title='bbox 1214 616 1677 704; x_wconf 88' lang='lat' dir='ltr'><strong>christianoque</strong></span> <span class='ocrx_word' id='word_1_22' title='bbox 1736 617 1988 682; x_wconf 87' lang='lat' dir='ltr'><strong>homine</strong></span> <span class='ocrx_word' id='word_1_23' title='bbox 2047 617 2271 702; x_wconf 80' lang='lat' dir='ltr'><strong>digne3</strong></span> <span class='ocrx_word' id='word_1_24' title='bbox 2332 624 2578 701; x_wconf 81' lang='lat' dir='ltr'>oportet</span> <span class='ocrx_word' id='word_1_25' title='bbox 2635 615 2802 679; x_wconf 89' lang='lat' dir='ltr'><strong>enim</strong></span> <span class='ocrx_word' id='word_1_26' title='bbox 2863 637 3020 679; x_wconf 82' lang='lat' dir='ltr'><strong>vere</strong></span> <span class='ocrx_word' id='word_1_27' title='bbox 3083 615 3305 680; x_wconf 82' lang='lat' dir='ltr'><strong>catho-</strong></span> 
     </span>
     <span class='ocr_line' id='line_1_4' title="bbox 630 721 3308 810; baseline -0.001 -20"><span class='ocrx_word' id='word_1_28' title='bbox 630 724 821 790; x_wconf 90' lang='lat' dir='ltr'><strong>licum</strong></span> <span class='ocrx_word' id='word_1_29' title='bbox 869 725 1203 806; x_wconf 87' lang='lat' dir='ltr'><strong>hominem,</strong></span> <span class='ocrx_word' id='word_1_30' title='bbox 1251 726 1359 810; x_wconf 93' lang='lat' dir='ltr'><strong>qui</strong></span> <span class='ocrx_word' id='word_1_31' title='bbox 1405 724 1759 788; x_wconf 84' lang='lat' dir='ltr'><strong>membrum</strong></span> <span class='ocrx_word' id='word_1_32' title='bbox 1807 726 2046 807; x_wconf 82' lang='lat' dir='ltr'><strong>vivum,</strong></span> <span class='ocrx_word' id='word_1_33' title='bbox 2093 745 2219 788; x_wconf 89' lang='lat' dir='ltr'><strong>non</strong></span> <span class='ocrx_word' id='word_1_34' title='bbox 2265 731 2586 787; x_wconf 88' lang='lat' dir='ltr'><strong>mortuum</strong></span> <span class='ocrx_word' id='word_1_35' title='bbox 2633 721 2852 787; x_wconf 89' lang='lat' dir='ltr'><strong>haberi</strong></span> <span class='ocrx_word' id='word_1_36' title='bbox 2893 730 2957 787; x_wconf 90' lang='lat' dir='ltr'><strong>et</strong></span> <span class='ocrx_word' id='word_1_37' title='bbox 2987 745 3135 787; x_wconf 80' lang='lat' dir='ltr'><strong>esse</strong></span> <span class='ocrx_word' id='word_1_38' title='bbox 3170 722 3308 786; x_wconf 80' lang='lat' dir='ltr'><strong>vult</strong></span> 
     </span>
     <span class='ocr_line' id='line_1_5' title="bbox 631 829 3308 918; baseline -0.001 -21"><span class='ocrx_word' id='word_1_39' title='bbox 631 835 696 897; x_wconf 90' lang='lat' dir='ltr'><strong>in</strong></span> <span class='ocrx_word' id='word_1_40' title='bbox 742 831 1008 897; x_wconf 87' lang='lat' dir='ltr'><strong>ecclesia</strong></span> <span class='ocrx_word' id='word_1_41' title='bbox 1067 830 1407 915; x_wconf 89' lang='lat' dir='ltr'><strong>catholica,</strong></span> <span class='ocrx_word' id='word_1_42' title='bbox 1479 834 1659 918; x_wconf 88' lang='lat' dir='ltr'><strong>cujus</strong></span> <span class='ocrx_word' id='word_1_43' title='bbox 1727 841 1918 917; x_wconf 91' lang='lat' dir='ltr'><strong>caput</strong></span> <span class='ocrx_word' id='word_1_44' title='bbox 1977 832 2111 917; x_wconf 87' lang='lat' dir='ltr'><strong>ipse</strong></span> <span class='ocrx_word' id='word_1_45' title='bbox 2173 829 2460 895; x_wconf 84' lang='lat' dir='ltr'><strong>Christus</strong></span> <span class='ocrx_word' id='word_1_46' title='bbox 2528 839 2651 912; x_wconf 90' lang='lat' dir='ltr'><strong>est,</strong></span> <span class='ocrx_word' id='word_1_47' title='bbox 2721 837 2792 894; x_wconf 90' lang='lat' dir='ltr'><strong>ut</strong></span> <span class='ocrx_word' id='word_1_48' title='bbox 2857 832 3308 916; x_wconf 78' lang='lat' dir='ltr'><strong>compaciatur</strong></span> 
     </span>
     <span class='ocr_line' id='line_1_6' title="bbox 632 936 3380 1024; baseline -0.002 -18"><span class='ocrx_word' id='word_1_49' title='bbox 632 938 771 1006; x_wconf 89' lang='lat' dir='ltr'><strong>aliis</strong></span> <span class='ocrx_word' id='word_1_50' title='bbox 816 942 881 1002; x_wconf 92' lang='lat' dir='ltr'><strong>in</strong></span> <span class='ocrx_word' id='word_1_51' title='bbox 929 936 1194 1004; x_wconf 89' lang='lat' dir='ltr'><strong>ecclesia</strong></span> <span class='ocrx_word' id='word_1_52' title='bbox 1240 938 1363 1002; x_wconf 90' lang='lat' dir='ltr'><strong>Dei</strong></span> <span class='ocrx_word' id='word_1_53' title='bbox 1407 937 1708 1003; x_wconf 79' lang='lat' dir='ltr'><strong>membris</strong></span> <span class='ocrx_word' id='word_1_54' title='bbox 1767 937 2228 1024; x_wconf 86' lang='lat' dir='ltr'><strong>languentibus.</strong></span> <span class='ocrx_word' id='word_1_55' title='bbox 2318 944 2383 1001; x_wconf 90' lang='lat' dir='ltr'><strong>et</strong></span> <span class='ocrx_word' id='word_1_56' title='bbox 2442 937 2673 1001; x_wconf 90' lang='lat' dir='ltr'><strong>decens</strong></span> <span class='ocrx_word' id='word_1_57' title='bbox 2731 947 2826 1001; x_wconf 86' lang='lat' dir='ltr'><strong>est</strong></span> <span class='ocrx_word' id='word_1_58' title='bbox 2881 939 3039 1001; x_wconf 82' lang='lat' dir='ltr'><strong>totis</strong></span> <span class='ocrx_word' id='word_1_59' title='bbox 3095 937 3307 1001; x_wconf 84' lang='lat' dir='ltr'><strong>adniti</strong></span> <span class='ocrx_word' id='word_1_60' title='bbox 3353 945 3380 994; x_wconf 72' lang='grc' dir='ltr'><strong>ἵ)</strong></span> 
     </span>
     <span class='ocr_line' id='line_1_7' title="bbox 632 1043 3308 1131; baseline 0 -22"><span class='ocrx_word' id='word_1_61' title='bbox 632 1045 895 1129; x_wconf 87' lang='lat' dir='ltr'><strong>viribus,</strong></span> <span class='ocrx_word' id='word_1_62' title='bbox 943 1047 1114 1110; x_wconf 88' lang='lat' dir='ltr'><strong>omni</strong></span> <span class='ocrx_word' id='word_1_63' title='bbox 1159 1046 1431 1130; x_wconf 90' lang='lat' dir='ltr'><strong>denique</strong></span> <span class='ocrx_word' id='word_1_64' title='bbox 1465 1046 1699 1131; x_wconf 88' lang='lat' dir='ltr'><strong>juvare</strong></span> <span class='ocrx_word' id='word_1_65' title='bbox 1744 1054 1976 1110; x_wconf 87' lang='lat' dir='ltr'><strong>conatu</strong></span> <span class='ocrx_word' id='word_1_66' title='bbox 2022 1054 2093 1110; x_wconf 90' lang='lat' dir='ltr'><strong>ut</strong></span> <span class='ocrx_word' id='word_1_67' title='bbox 2136 1044 2257 1109; x_wconf 88' lang='lat' dir='ltr'><strong>hae</strong></span> <span class='ocrx_word' id='word_1_68' title='bbox 2301 1066 2438 1127; x_wconf 87' lang='lat' dir='ltr'><strong>res,</strong></span> <span class='ocrx_word' id='word_1_69' title='bbox 2484 1045 2807 1131; x_wconf 87' lang='lat' dir='ltr'><strong>quaejam</strong></span> <span class='ocrx_word' id='word_1_70' title='bbox 2839 1043 3139 1108; x_wconf 88' lang='lat' dir='ltr'><strong>ultimam</strong></span> <span class='ocrx_word' id='word_1_71' title='bbox 3178 1045 3308 1109; x_wconf 83' lang='lat' dir='ltr'><strong>fere</strong></span> 
     </span>
     <span class='ocr_line' id='line_1_8' title="bbox 633 1150 3308 1239; baseline -0 -23"><span class='ocrx_word' id='word_1_72' title='bbox 633 1153 929 1218; x_wconf 85' lang='lat' dir='ltr'><strong>videntur</strong></span> <span class='ocrx_word' id='word_1_73' title='bbox 987 1154 1303 1239; x_wconf 88' lang='lat' dir='ltr'><strong>jacturam</strong></span> <span class='ocrx_word' id='word_1_74' title='bbox 1334 1203 1351 1234; x_wconf 92' lang='lat'>‚</span> <span class='ocrx_word' id='word_1_75' title='bbox 1421 1152 1503 1216; x_wconf 88' lang='lat' dir='ltr'><strong>ad</strong></span> <span class='ocrx_word' id='word_1_76' title='bbox 1570 1153 1904 1239; x_wconf 89' lang='lat' dir='ltr'><strong>pristinum</strong></span> <span class='ocrx_word' id='word_1_77' title='bbox 1980 1151 2299 1237; x_wconf 87' lang='lat' dir='ltr'><strong>religionis</strong></span> <span class='ocrx_word' id='word_1_78' title='bbox 2373 1158 2606 1216; x_wconf 85' lang='lat' dir='ltr'><strong>statum</strong></span> <span class='ocrx_word' id='word_1_79' title='bbox 2682 1150 3096 1216; x_wconf 79' lang='lat' dir='ltr'><strong>reducantur.</strong></span> <span class='ocrx_word' id='word_1_80' title='bbox 3214 1152 3308 1215; x_wconf 86' lang='lat' dir='ltr'><strong>his</strong></span> 
     </span>
     <span class='ocr_line' id='line_1_9' title="bbox 633 1257 3307 1346; baseline -0.001 -21"><span class='ocrx_word' id='word_1_81' title='bbox 633 1261 866 1326; x_wconf 83' lang='lat' dir='ltr'><strong>etenim</strong></span> <span class='ocrx_word' id='word_1_82' title='bbox 913 1258 1263 1324; x_wconf 88' lang='lat' dir='ltr'><strong>rationibus</strong></span> <span class='ocrx_word' id='word_1_83' title='bbox 1308 1268 1371 1323; x_wconf 89' lang='lat' dir='ltr'><strong>et</strong></span> <span class='ocrx_word' id='word_1_84' title='bbox 1414 1260 1638 1324; x_wconf 89' lang='lat' dir='ltr'><strong>mediis</strong></span> <span class='ocrx_word' id='word_1_85' title='bbox 1697 1258 1844 1323; x_wconf 88' lang='lat' dir='ltr'><strong>solis</strong></span> <span class='ocrx_word' id='word_1_86' title='bbox 1901 1260 2172 1346; x_wconf 88' lang='lat' dir='ltr'><strong>pessima</strong></span> <span class='ocrx_word' id='word_1_87' title='bbox 2229 1281 2478 1345; x_wconf 88' lang='lat' dir='ltr'><strong>queque</strong></span> <span class='ocrx_word' id='word_1_88' title='bbox 2536 1280 2570 1322; x_wconf 92' lang='lat' dir='ltr'><strong>e</strong></span> <span class='ocrx_word' id='word_1_89' title='bbox 2637 1257 2843 1322; x_wconf 87' lang='lat' dir='ltr'><strong>medio</strong></span> <span class='ocrx_word' id='word_1_90' title='bbox 2905 1257 3307 1340; x_wconf 83' lang='lat' dir='ltr'><strong>auferentur,</strong></span> 
     </span>
     <span class='ocr_line' id='line_1_10' title="bbox 634 1364 3307 1454; baseline -0.001 -22"><span class='ocrx_word' id='word_1_91' title='bbox 634 1376 769 1432; x_wconf 90' lang='lat' dir='ltr'><strong>tum</strong></span> <span class='ocrx_word' id='word_1_92' title='bbox 817 1368 1020 1432; x_wconf 87' lang='lat' dir='ltr'><strong>virtus</strong></span> <span class='ocrx_word' id='word_1_93' title='bbox 1053 1368 1192 1454; x_wconf 87' lang='lat' dir='ltr'><strong>jam</strong></span> <span class='ocrx_word' id='word_1_94' title='bbox 1254 1367 1580 1452; x_wconf 88' lang='lat' dir='ltr'><strong>consopita</strong></span> <span class='ocrx_word' id='word_1_95' title='bbox 1641 1375 1704 1430; x_wconf 92' lang='lat' dir='ltr'><strong>et</strong></span> <span class='ocrx_word' id='word_1_96' title='bbox 1763 1366 1920 1430; x_wconf 90' lang='lat' dir='ltr'><strong>fides</strong></span> <span class='ocrx_word' id='word_1_97' title='bbox 1978 1389 2054 1431; x_wconf 87' lang='lat' dir='ltr'><strong>ac</strong></span> <span class='ocrx_word' id='word_1_98' title='bbox 2111 1365 2327 1450; x_wconf 90' lang='lat' dir='ltr'><strong>religio</strong></span> <span class='ocrx_word' id='word_1_99' title='bbox 2389 1364 2698 1429; x_wconf 89' lang='lat' dir='ltr'><strong>catholica</strong></span> <span class='ocrx_word' id='word_1_100' title='bbox 2755 1367 3183 1429; x_wconf 79' lang='lat' dir='ltr'><strong>restituentur</strong></span> <span class='ocrx_word' id='word_1_101' title='bbox 3245 1368 3307 1428; x_wconf 88' lang='lat' dir='ltr'><strong>in</strong></span> 
     </span>
     <span class='ocr_line' id='line_1_11' title="bbox 635 1473 3380 1561; baseline -0.002 -23"><span class='ocrx_word' id='word_1_102' title='bbox 635 1497 780 1539; x_wconf 92' lang='lat' dir='ltr'><strong>suos</strong></span> <span class='ocrx_word' id='word_1_103' title='bbox 824 1476 1061 1561; x_wconf 83' lang='lat' dir='ltr'><strong>priores</strong></span> <span class='ocrx_word' id='word_1_104' title='bbox 1107 1473 1375 1538; x_wconf 78' lang='lat' dir='ltr'><strong>honores</strong></span> <span class='ocrx_word' id='word_1_105' title='bbox 1419 1482 1483 1538; x_wconf 89' lang='lat' dir='ltr'><strong>et</strong></span> <span class='ocrx_word' id='word_1_106' title='bbox 1527 1480 1743 1538; x_wconf 82' lang='lat' dir='ltr'><strong>status.</strong></span> <span class='ocrx_word' id='word_1_107' title='bbox 3327 1484 3380 1532; x_wconf 72' lang='lat'><strong>1⁸·</strong></span> 
     </span>
     <span class='ocr_line' id='line_1_12' title="bbox 812 1579 3306 1667; baseline 0.001 -23"><span class='ocrx_word' id='word_1_108' title='bbox 812 1581 1232 1667; x_wconf 85' lang='lat' dir='ltr'><strong>Posteaquam</strong></span> <span class='ocrx_word' id='word_1_109' title='bbox 1259 1602 1414 1644; x_wconf 86' lang='lat' dir='ltr'><strong>vero</strong></span> <span class='ocrx_word' id='word_1_110' title='bbox 1443 1580 1561 1645; x_wconf 92' lang='lat' dir='ltr'><strong>hoc</strong></span> <span class='ocrx_word' id='word_1_111' title='bbox 1593 1580 1879 1645; x_wconf 90' lang='lat' dir='ltr'><strong>inclitum</strong></span> <span class='ocrx_word' id='word_1_112' title='bbox 1911 1579 2208 1645; x_wconf 88' lang='lat' dir='ltr'><strong>Bohemie</strong></span> <span class='ocrx_word' id='word_1_113' title='bbox 2233 1602 2499 1664; x_wconf 89' lang='lat' dir='ltr'><strong>regnum</strong></span> <span class='ocrx_word' id='word_1_114' title='bbox 2527 1602 2926 1666; x_wconf 87' lang='lat' dir='ltr'><strong>nequaquam</strong></span> <span class='ocrx_word' id='word_1_115' title='bbox 2963 1581 3306 1646; x_wconf 84' lang='lat' dir='ltr'><strong>minimum</strong></span> 
     </span>
     <span class='ocr_line' id='line_1_13' title="bbox 635 1685 3308 1773; baseline -0.001 -20"><span class='ocrx_word' id='word_1_116' title='bbox 635 1691 714 1753; x_wconf 91' lang='lat' dir='ltr'><strong>sit</strong></span> <span class='ocrx_word' id='word_1_117' title='bbox 744 1687 1080 1753; x_wconf 84' lang='lat' dir='ltr'><strong>christiane</strong></span> <span class='ocrx_word' id='word_1_118' title='bbox 1111 1687 1535 1773; x_wconf 87' lang='lat' dir='ltr'><strong>catholiceque</strong></span> <span class='ocrx_word' id='word_1_119' title='bbox 1582 1687 1840 1752; x_wconf 84' lang='lat' dir='ltr'><strong>ecclesie</strong></span> <span class='ocrx_word' id='word_1_120' title='bbox 1887 1685 2261 1769; x_wconf 87' lang='lat' dir='ltr'><strong>membrum,</strong></span> <span class='ocrx_word' id='word_1_121' title='bbox 2310 1710 2438 1751; x_wconf 89' lang='lat' dir='ltr'><strong>una</strong></span> <span class='ocrx_word' id='word_1_122' title='bbox 2482 1710 2626 1750; x_wconf 89' lang='lat' dir='ltr'><strong>cum</strong></span> <span class='ocrx_word' id='word_1_123' title='bbox 2676 1696 2767 1751; x_wconf 89' lang='lat' dir='ltr'><strong>tot</strong></span> <span class='ocrx_word' id='word_1_124' title='bbox 2803 1695 2866 1750; x_wconf 87' lang='lat' dir='ltr'><strong>et</strong></span> <span class='ocrx_word' id='word_1_125' title='bbox 2907 1689 3111 1751; x_wconf 87' lang='lat' dir='ltr'><strong>tantis</strong></span> <span class='ocrx_word' id='word_1_126' title='bbox 3146 1697 3308 1752; x_wconf 85' lang='lat' dir='ltr'><strong>terre</strong></span> 
     </span>
     <span class='ocr_line' id='line_1_14' title="bbox 635 1793 3308 1883; baseline -0 -23"><span class='ocrx_word' id='word_1_127' title='bbox 635 1794 1030 1883; x_wconf 88' lang='lat' dir='ltr'><strong>principibus</strong></span> <span class='ocrx_word' id='word_1_128' title='bbox 1055 1796 1202 1881; x_wconf 90' lang='lat' dir='ltr'><strong>jure</strong></span> <span class='ocrx_word' id='word_1_129' title='bbox 1239 1794 1428 1859; x_wconf 90' lang='lat' dir='ltr'><strong>debet</strong></span> <span class='ocrx_word' id='word_1_130' title='bbox 1463 1794 1720 1859; x_wconf 89' lang='lat' dir='ltr'><strong>consilio</strong></span> <span class='ocrx_word' id='word_1_131' title='bbox 1760 1817 1951 1881; x_wconf 90' lang='lat' dir='ltr'><strong>reque</strong></span> <span class='ocrx_word' id='word_1_132' title='bbox 2001 1796 2139 1880; x_wconf 85' lang='lat' dir='ltr'><strong>ipsa</strong></span> <span class='ocrx_word' id='word_1_133' title='bbox 2180 1795 2413 1879; x_wconf 79' lang='lat' dir='ltr'><strong>juvare</strong></span> <span class='ocrx_word' id='word_1_134' title='bbox 2458 1816 2581 1881; x_wconf 91' lang='lat' dir='ltr'><strong>quo</strong></span> <span class='ocrx_word' id='word_1_135' title='bbox 2628 1793 2974 1859; x_wconf 87' lang='lat' dir='ltr'><strong>christiana</strong></span> <span class='ocrx_word' id='word_1_136' title='bbox 3006 1795 3308 1876; x_wconf 57' lang='lat' dir='ltr'><strong>charitate,</strong></span> 
     </span>
     <span class='ocr_line' id='line_1_15' title="bbox 637 1901 3309 1989; baseline -0.001 -22"><span class='ocrx_word' id='word_1_137' title='bbox 637 1904 987 1968; x_wconf 90' lang='lat' dir='ltr'><strong>communis</strong></span> <span class='ocrx_word' id='word_1_138' title='bbox 1043 1924 1207 1989; x_wconf 81' lang='lat' dir='ltr'><strong>pax,</strong></span> <span class='ocrx_word' id='word_1_139' title='bbox 1267 1904 1469 1966; x_wconf 89' lang='lat' dir='ltr'><strong>unitas</strong></span> <span class='ocrx_word' id='word_1_140' title='bbox 1482 1952 1501 1984; x_wconf 88' lang='lat'><strong>,</strong></span> <span class='ocrx_word' id='word_1_141' title='bbox 1558 1903 1686 1965; x_wconf 86' lang='lat' dir='ltr'><strong>vite</strong></span> <span class='ocrx_word' id='word_1_142' title='bbox 1748 1904 2194 1982; x_wconf 87' lang='lat' dir='ltr'><strong>sanctimonia,</strong></span> <span class='ocrx_word' id='word_1_143' title='bbox 2249 1903 2438 1965; x_wconf 90' lang='lat' dir='ltr'><strong>timor</strong></span> <span class='ocrx_word' id='word_1_144' title='bbox 2496 1901 2618 1964; x_wconf 91' lang='lat' dir='ltr'><strong>Dei</strong></span> <span class='ocrx_word' id='word_1_145' title='bbox 2675 1901 3004 1987; x_wconf 86' lang='lat' dir='ltr'><strong>gloriaque</strong></span> <span class='ocrx_word' id='word_1_146' title='bbox 3061 1902 3309 1966; x_wconf 89' lang='lat' dir='ltr'><strong>domini</strong></span> 
     </span>
     <span class='ocr_line' id='line_1_16' title="bbox 638 2007 3384 2095; baseline -0.003 -20"><span class='ocrx_word' id='word_1_147' title='bbox 638 2012 864 2075; x_wconf 87' lang='lat' dir='ltr'><strong>iterum</strong></span> <span class='ocrx_word' id='word_1_148' title='bbox 917 2011 1209 2094; x_wconf 84' lang='lat' dir='ltr'><strong>erigatur.</strong></span> <span class='ocrx_word' id='word_1_149' title='bbox 1283 2008 1424 2073; x_wconf 90' lang='lat' dir='ltr'><strong>ideo</strong></span> <span class='ocrx_word' id='word_1_150' title='bbox 1463 2008 1816 2072; x_wconf 88' lang='lat' dir='ltr'><strong>consultum</strong></span> <span class='ocrx_word' id='word_1_151' title='bbox 1868 2016 2028 2072; x_wconf 87' lang='lat' dir='ltr'><strong>esset</strong></span> <span class='ocrx_word' id='word_1_152' title='bbox 2066 2009 2338 2072; x_wconf 89' lang='lat' dir='ltr'><strong>dominis</strong></span> <span class='ocrx_word' id='word_1_153' title='bbox 2377 2009 2486 2093; x_wconf 88' lang='lat' dir='ltr'><strong>qui</strong></span> <span class='ocrx_word' id='word_1_154' title='bbox 2532 2007 2649 2072; x_wconf 90' lang='lat' dir='ltr'><strong>sub</strong></span> <span class='ocrx_word' id='word_1_155' title='bbox 2697 2031 2826 2072; x_wconf 89' lang='lat' dir='ltr'><strong>una</strong></span> <span class='ocrx_word' id='word_1_156' title='bbox 2873 2017 3026 2072; x_wconf 82' lang='lat' dir='ltr'><strong>sunt</strong></span> <span class='ocrx_word' id='word_1_157' title='bbox 3088 2011 3309 2095; x_wconf 73' lang='lat' dir='ltr'><strong>apetie,</strong></span> <span class='ocrx_word' id='word_1_158' title='bbox 3329 2017 3384 2067; x_wconf 75' lang='lat'><strong>15</strong></span> 
     </span>
     <span class='ocr_line' id='line_1_17' title="bbox 639 2113 3308 2202; baseline -0.001 -21"><span class='ocrx_word' id='word_1_159' title='bbox 639 2116 921 2181; x_wconf 90' lang='lat' dir='ltr'><strong>similiter</strong></span> <span class='ocrx_word' id='word_1_160' title='bbox 968 2115 1064 2180; x_wconf 89' lang='lat' dir='ltr'><strong>his</strong></span> <span class='ocrx_word' id='word_1_161' title='bbox 1100 2118 1207 2202; x_wconf 89' lang='lat' dir='ltr'><strong>qui</strong></span> <span class='ocrx_word' id='word_1_162' title='bbox 1255 2113 1373 2179; x_wconf 89' lang='lat' dir='ltr'><strong>sub</strong></span> <span class='ocrx_word' id='word_1_163' title='bbox 1412 2125 1696 2202; x_wconf 87' lang='lat' dir='ltr'><strong>utraque,</strong></span> <span class='ocrx_word' id='word_1_164' title='bbox 1746 2116 1838 2179; x_wconf 90' lang='lat' dir='ltr'><strong>uti</strong></span> <span class='ocrx_word' id='word_1_165' title='bbox 1876 2113 2230 2201; x_wconf 85' lang='lat' dir='ltr'><strong>spirituales</strong></span> <span class='ocrx_word' id='word_1_166' title='bbox 2277 2125 2338 2178; x_wconf 89' lang='lat' dir='ltr'><strong>et</strong></span> <span class='ocrx_word' id='word_1_167' title='bbox 2369 2115 2679 2179; x_wconf 87' lang='lat' dir='ltr'><strong>seculares</strong></span> <span class='ocrx_word' id='word_1_168' title='bbox 2710 2138 2744 2179; x_wconf 92' lang='lat' dir='ltr'><strong>e</strong></span> <span class='ocrx_word' id='word_1_169' title='bbox 2790 2116 3003 2180; x_wconf 88' lang='lat' dir='ltr'><strong>medio</strong></span> <span class='ocrx_word' id='word_1_170' title='bbox 3051 2115 3308 2181; x_wconf 89' lang='lat' dir='ltr'><strong>illorum</strong></span> 
     </span>
     <span class='ocr_line' id='line_1_18' title="bbox 639 2221 3312 2310; baseline 0 -22"><span class='ocrx_word' id='word_1_171' title='bbox 639 2224 941 2310; x_wconf 88' lang='lat' dir='ltr'><strong>eligerent</strong></span> <span class='ocrx_word' id='word_1_172' title='bbox 990 2245 1307 2309; x_wconf 84' lang='lat' dir='ltr'><strong>personas,</strong></span> <span class='ocrx_word' id='word_1_173' title='bbox 1354 2224 1525 2287; x_wconf 84' lang='lat' dir='ltr'><strong>viros</strong></span> <span class='ocrx_word' id='word_1_174' title='bbox 1574 2233 1784 2286; x_wconf 86' lang='lat' dir='ltr'><strong>autem</strong></span> <span class='ocrx_word' id='word_1_175' title='bbox 1825 2221 2113 2287; x_wconf 87' lang='lat' dir='ltr'><strong>honestos</strong></span> <span class='ocrx_word' id='word_1_176' title='bbox 2164 2231 2226 2287; x_wconf 90' lang='lat' dir='ltr'><strong>et</strong></span> <span class='ocrx_word' id='word_1_177' title='bbox 2266 2222 2466 2307; x_wconf 78' lang='lat' dir='ltr'><strong>(quod</strong></span> <span class='ocrx_word' id='word_1_178' title='bbox 2515 2223 2793 2286; x_wconf 89' lang='lat' dir='ltr'><strong>omnium</strong></span> <span class='ocrx_word' id='word_1_179' title='bbox 2841 2224 3128 2307; x_wconf 89' lang='lat' dir='ltr'><strong>primum</strong></span> <span class='ocrx_word' id='word_1_180' title='bbox 3177 2246 3312 2289; x_wconf 83' lang='lat' dir='ltr'><strong>esse</strong></span> 
     </span>
     <span class='ocr_line' id='line_1_19' title="bbox 640 2328 3310 2416; baseline -0 -21"><span class='ocrx_word' id='word_1_181' title='bbox 640 2330 829 2395; x_wconf 89' lang='lat' dir='ltr'><strong>debet</strong></span> <span class='ocrx_word' id='word_1_182' title='bbox 871 2332 1034 2394; x_wconf 87' lang='lat' dir='ltr'><strong>inter</strong></span> <span class='ocrx_word' id='word_1_183' title='bbox 1079 2328 1460 2415; x_wconf 88' lang='lat' dir='ltr'><strong>spirituales)</strong></span> <span class='ocrx_word' id='word_1_184' title='bbox 1508 2329 1725 2394; x_wconf 88' lang='lat' dir='ltr'><strong>doctos</strong></span> <span class='ocrx_word' id='word_1_185' title='bbox 1769 2352 1846 2393; x_wconf 90' lang='lat' dir='ltr'><strong>ac</strong></span> <span class='ocrx_word' id='word_1_186' title='bbox 1893 2352 2099 2394; x_wconf 88' lang='lat' dir='ltr'><strong>rerum</strong></span> <span class='ocrx_word' id='word_1_187' title='bbox 2149 2331 2538 2415; x_wconf 85' lang='lat' dir='ltr'><strong>experientia</strong></span> <span class='ocrx_word' id='word_1_188' title='bbox 2568 2329 3040 2416; x_wconf 86' lang='lat' dir='ltr'><strong>virtutibusque</strong></span> <span class='ocrx_word' id='word_1_189' title='bbox 3084 2330 3310 2396; x_wconf 84' lang='lat' dir='ltr'><strong>claros.</strong></span> 
     </span>
     <span class='ocr_line' id='line_1_20' title="bbox 814 2435 3478 2528; baseline 0.001 -28"><span class='ocrx_word' id='word_1_190' title='bbox 814 2438 1113 2523; x_wconf 88' lang='lat' dir='ltr'><strong>Inprimis</strong></span> <span class='ocrx_word' id='word_1_191' title='bbox 1157 2448 1367 2501; x_wconf 92' lang='lat' dir='ltr'><strong>autem</strong></span> <span class='ocrx_word' id='word_1_192' title='bbox 1415 2436 1479 2500; x_wconf 92' lang='lat' dir='ltr'><strong>hi</strong></span> <span class='ocrx_word' id='word_1_193' title='bbox 1526 2439 1907 2523; x_wconf 90' lang='lat' dir='ltr'><strong>quicumque</strong></span> <span class='ocrx_word' id='word_1_194' title='bbox 1954 2435 2132 2501; x_wconf 86' lang='lat' dir='ltr'><strong>electi</strong></span> <span class='ocrx_word' id='word_1_195' title='bbox 2180 2438 2475 2522; x_wconf 88' lang='lat' dir='ltr'><strong>missique</strong></span> <span class='ocrx_word' id='word_1_196' title='bbox 2520 2437 2754 2500; x_wconf 88' lang='lat' dir='ltr'><strong>fuerint</strong></span> <span class='ocrx_word' id='word_1_197' title='bbox 2797 2459 3027 2501; x_wconf 87' lang='lat' dir='ltr'><strong>curare</strong></span> <span class='ocrx_word' id='word_1_198' title='bbox 3074 2436 3310 2502; x_wconf 88' lang='lat' dir='ltr'><strong>debent</strong></span> <span class='ocrx_word' id='word_1_199' title='bbox 3477 2517 3478 2528; x_wconf 10' lang='grc' dir='ltr'>ἵ</span> 
     </span>
     <span class='ocr_line' id='line_1_21' title="bbox 641 2541 3388 2630; baseline -0.003 -20"><span class='ocrx_word' id='word_1_200' title='bbox 641 2554 712 2610; x_wconf 91' lang='lat' dir='ltr'><strong>ut</strong></span> <span class='ocrx_word' id='word_1_201' title='bbox 772 2547 896 2608; x_wconf 87' lang='lat' dir='ltr'><strong>sint</strong></span> <span class='ocrx_word' id='word_1_202' title='bbox 956 2543 1206 2629; x_wconf 88' lang='lat' dir='ltr'><strong>pacifici</strong></span> <span class='ocrx_word' id='word_1_203' title='bbox 1252 2545 1532 2625; x_wconf 83' lang='lat' dir='ltr'><strong>virtuosi,</strong></span> <span class='ocrx_word' id='word_1_204' title='bbox 1591 2565 1717 2607; x_wconf 90' lang='lat' dir='ltr'><strong>non</strong></span> <span class='ocrx_word' id='word_1_205' title='bbox 1778 2543 1860 2607; x_wconf 89' lang='lat' dir='ltr'><strong>ad</strong></span> <span class='ocrx_word' id='word_1_206' title='bbox 1919 2545 2092 2606; x_wconf 85' lang='lat' dir='ltr'><strong>rixas</strong></span> <span class='ocrx_word' id='word_1_207' title='bbox 2160 2541 2450 2629; x_wconf 91' lang='lat' dir='ltr'><strong>bellaque</strong></span> <span class='ocrx_word' id='word_1_208' title='bbox 2520 2543 2837 2608; x_wconf 87' lang='lat' dir='ltr'><strong>movenda</strong></span> <span class='ocrx_word' id='word_1_209' title='bbox 2893 2545 3070 2608; x_wconf 85' lang='lat' dir='ltr'><strong>missi</strong></span> <span class='ocrx_word' id='word_1_210' title='bbox 3134 2551 3388 2630; x_wconf 67' lang='lat' dir='ltr'><strong>pror-21³</strong></span> 
     </span>
     <span class='ocr_line' id='line_1_22' title="bbox 644 2648 3310 2741; baseline -0 -24"><span class='ocrx_word' id='word_1_211' title='bbox 644 2676 871 2741; x_wconf 88' lang='lat' dir='ltr'><strong>susque</strong></span> <span class='ocrx_word' id='word_1_212' title='bbox 918 2651 999 2715; x_wconf 87' lang='lat' dir='ltr'><strong>ab</strong></span> <span class='ocrx_word' id='word_1_213' title='bbox 1049 2653 1221 2715; x_wconf 88' lang='lat' dir='ltr'><strong>omni</strong></span> <span class='ocrx_word' id='word_1_214' title='bbox 1268 2650 1581 2716; x_wconf 87' lang='lat' dir='ltr'><strong>discordia</strong></span> <span class='ocrx_word' id='word_1_215' title='bbox 1627 2653 1850 2715; x_wconf 87' lang='lat' dir='ltr'><strong>aversi.</strong></span> <span class='ocrx_word' id='word_1_216' title='bbox 1936 2649 2090 2715; x_wconf 91' lang='lat' dir='ltr'><strong>illud</strong></span> <span class='ocrx_word' id='word_1_217' title='bbox 2138 2648 2326 2715; x_wconf 84' lang='lat' dir='ltr'><strong>etiam</strong></span> <span class='ocrx_word' id='word_1_218' title='bbox 2374 2651 2496 2716; x_wconf 88' lang='lat' dir='ltr'><strong>huc</strong></span> <span class='ocrx_word' id='word_1_219' title='bbox 2542 2652 2855 2736; x_wconf 88' lang='lat' dir='ltr'><strong>pertinere</strong></span> <span class='ocrx_word' id='word_1_220' title='bbox 2901 2652 3188 2717; x_wconf 85' lang='lat' dir='ltr'><strong>arbitror</strong></span> <span class='ocrx_word' id='word_1_221' title='bbox 3219 2655 3310 2717; x_wconf 87' lang='lat' dir='ltr'><strong>uti</strong></span> 
     </span>
     <span class='ocr_line' id='line_1_23' title="bbox 644 2756 3308 2846; baseline -0.001 -22"><span class='ocrx_word' id='word_1_222' title='bbox 644 2783 725 2824; x_wconf 84' lang='lat' dir='ltr'><strong>ex</strong></span> <span class='ocrx_word' id='word_1_223' title='bbox 772 2768 1039 2846; x_wconf 87' lang='lat' dir='ltr'><strong>utraque</strong></span> <span class='ocrx_word' id='word_1_224' title='bbox 1086 2768 1264 2843; x_wconf 90' lang='lat' dir='ltr'><strong>parte</strong></span> <span class='ocrx_word' id='word_1_225' title='bbox 1311 2757 1497 2843; x_wconf 88' lang='lat' dir='ltr'><strong>legati</strong></span> <span class='ocrx_word' id='word_1_226' title='bbox 1546 2760 1716 2821; x_wconf 90' lang='lat' dir='ltr'><strong>missi</strong></span> <span class='ocrx_word' id='word_1_227' title='bbox 1766 2781 1891 2822; x_wconf 90' lang='lat' dir='ltr'><strong>una</strong></span> <span class='ocrx_word' id='word_1_228' title='bbox 1938 2757 2069 2839; x_wconf 91' lang='lat' dir='ltr'><strong>die,</strong></span> <span class='ocrx_word' id='word_1_229' title='bbox 2119 2780 2246 2822; x_wconf 89' lang='lat' dir='ltr'><strong>una</strong></span> <span class='ocrx_word' id='word_1_230' title='bbox 2291 2756 2463 2839; x_wconf 85' lang='lat' dir='ltr'><strong>hora,</strong></span> <span class='ocrx_word' id='word_1_231' title='bbox 2513 2781 2642 2821; x_wconf 91' lang='lat' dir='ltr'><strong>una</strong></span> <span class='ocrx_word' id='word_1_232' title='bbox 2689 2760 3146 2846; x_wconf 86' lang='lat' dir='ltr'><strong>communique</strong></span> <span class='ocrx_word' id='word_1_233' title='bbox 3205 2762 3308 2823; x_wconf 75' lang='lat' dir='ltr'><strong>via</strong></span> 
     </span>
     <span class='ocr_line' id='line_1_24' title="bbox 645 2864 3310 2952; baseline 0 -21"><span class='ocrx_word' id='word_1_234' title='bbox 645 2865 827 2931; x_wconf 89' lang='lat' dir='ltr'><strong>simul</strong></span> <span class='ocrx_word' id='word_1_235' title='bbox 873 2866 1337 2952; x_wconf 83' lang='lat' dir='ltr'><strong>expeditionem</strong></span> <span class='ocrx_word' id='word_1_236' title='bbox 1386 2864 1468 2928; x_wconf 85' lang='lat' dir='ltr'><strong>ad</strong></span> <span class='ocrx_word' id='word_1_237' title='bbox 1517 2865 1798 2928; x_wconf 87' lang='lat' dir='ltr'><strong>futurum</strong></span> <span class='ocrx_word' id='word_1_238' title='bbox 1849 2864 2187 2929; x_wconf 70' lang='lat' dir='ltr'><strong>concilium</strong></span> <span class='ocrx_word' id='word_1_239' title='bbox 2232 2873 2476 2950; x_wconf 88' lang='lat' dir='ltr'><strong>parent,</strong></span> <span class='ocrx_word' id='word_1_240' title='bbox 2521 2867 2588 2928; x_wconf 90' lang='lat' dir='ltr'><strong>in</strong></span> <span class='ocrx_word' id='word_1_241' title='bbox 2632 2866 2859 2929; x_wconf 89' lang='lat' dir='ltr'><strong>itinere</strong></span> <span class='ocrx_word' id='word_1_242' title='bbox 2921 2876 3140 2931; x_wconf 85' lang='lat' dir='ltr'><strong>autem</strong></span> <span class='ocrx_word' id='word_1_243' title='bbox 3202 2890 3310 2931; x_wconf 83' lang='lat' dir='ltr'><strong>seu</strong></span> 
     </span>
     <span class='ocr_line' id='line_1_25' title="bbox 645 2971 3310 3060; baseline -0.001 -23"><span class='ocrx_word' id='word_1_244' title='bbox 645 2974 941 3060; x_wconf 89' lang='lat' dir='ltr'><strong>hospiciis</strong></span> <span class='ocrx_word' id='word_1_245' title='bbox 987 2975 1259 3037; x_wconf 89' lang='lat' dir='ltr'><strong>invicem</strong></span> <span class='ocrx_word' id='word_1_246' title='bbox 1306 2973 1618 3036; x_wconf 88' lang='lat' dir='ltr'><strong>fraternus</strong></span> <span class='ocrx_word' id='word_1_247' title='bbox 1664 2995 1861 3055; x_wconf 87' lang='lat' dir='ltr'><strong>amor,</strong></span> <span class='ocrx_word' id='word_1_248' title='bbox 1910 2982 2128 3036; x_wconf 87' lang='lat' dir='ltr'><strong>mutua</strong></span> <span class='ocrx_word' id='word_1_249' title='bbox 2174 2971 2510 3036; x_wconf 88' lang='lat' dir='ltr'><strong>concordia</strong></span> <span class='ocrx_word' id='word_1_250' title='bbox 2554 2973 2717 3037; x_wconf 88' lang='lat' dir='ltr'><strong>inter</strong></span> <span class='ocrx_word' id='word_1_251' title='bbox 2775 2972 2891 3037; x_wconf 89' lang='lat' dir='ltr'><strong>hos</strong></span> <span class='ocrx_word' id='word_1_252' title='bbox 2952 2976 3310 3038; x_wconf 88' lang='lat' dir='ltr'><strong>communis</strong></span> 
     </span>
     <span class='ocr_line' id='line_1_26' title="bbox 646 3077 3384 3166; baseline -0.004 -19"><span class='ocrx_word' id='word_1_253' title='bbox 646 3090 709 3147; x_wconf 90' lang='lat' dir='ltr'><strong>et</strong></span> <span class='ocrx_word' id='word_1_254' title='bbox 752 3080 942 3145; x_wconf 89' lang='lat' dir='ltr'><strong>rebus</strong></span> <span class='ocrx_word' id='word_1_255' title='bbox 989 3079 1281 3144; x_wconf 90' lang='lat' dir='ltr'><strong>omnibus</strong></span> <span class='ocrx_word' id='word_1_256' title='bbox 1325 3079 1699 3166; x_wconf 87' lang='lat' dir='ltr'><strong>preferenda</strong></span> <span class='ocrx_word' id='word_1_257' title='bbox 1744 3101 1878 3143; x_wconf 89' lang='lat' dir='ltr'><strong>esse</strong></span> <span class='ocrx_word' id='word_1_258' title='bbox 1924 3077 2127 3143; x_wconf 90' lang='lat' dir='ltr'><strong>debet.</strong></span> <span class='ocrx_word' id='word_1_259' title='bbox 3325 3086 3384 3137; x_wconf 71' lang='lat'><strong>:35</strong></span> 
     </span>
     <span class='ocr_line' id='line_1_27' title="bbox 823 3186 3313 3274; baseline 0.001 -25"><span class='ocrx_word' id='word_1_260' title='bbox 823 3187 935 3251; x_wconf 74' lang='lat' dir='ltr'><strong>Sin</strong></span> <span class='ocrx_word' id='word_1_261' title='bbox 982 3196 1195 3251; x_wconf 85' lang='lat' dir='ltr'><strong>autem</strong></span> <span class='ocrx_word' id='word_1_262' title='bbox 1242 3186 1361 3251; x_wconf 89' lang='lat' dir='ltr'><strong>hac</strong></span> <span class='ocrx_word' id='word_1_263' title='bbox 1408 3189 1472 3250; x_wconf 87' lang='lat' dir='ltr'><strong>in</strong></span> <span class='ocrx_word' id='word_1_264' title='bbox 1534 3209 1601 3249; x_wconf 89' lang='lat' dir='ltr'><strong>re</strong></span> <span class='ocrx_word' id='word_1_265' title='bbox 1648 3186 2096 3251; x_wconf 80' lang='lat' dir='ltr'><strong>dissentientes</strong></span> <span class='ocrx_word' id='word_1_266' title='bbox 2155 3186 2393 3250; x_wconf 79' lang='lat' dir='ltr'><strong>fuerint</strong></span> <span class='ocrx_word' id='word_1_267' title='bbox 2453 3195 2516 3250; x_wconf 85' lang='lat' dir='ltr'><strong>et</strong></span> <span class='ocrx_word' id='word_1_268' title='bbox 2575 3186 2658 3250; x_wconf 90' lang='lat' dir='ltr'><strong>ad</strong></span> <span class='ocrx_word' id='word_1_269' title='bbox 2717 3188 3064 3252; x_wconf 87' lang='lat' dir='ltr'><strong>concilium</strong></span> <span class='ocrx_word' id='word_1_270' title='bbox 3127 3191 3313 3274; x_wconf 81' lang='lat' dir='ltr'><strong>proli-</strong></span> 
     </span>
     <span class='ocr_line' id='line_1_28' title="bbox 645 3292 3312 3379; baseline 0 -20"><span class='ocrx_word' id='word_1_271' title='bbox 645 3298 958 3360; x_wconf 86' lang='lat' dir='ltr'><strong>ciscentes</strong></span> <span class='ocrx_word' id='word_1_272' title='bbox 1006 3295 1249 3379; x_wconf 87' lang='lat' dir='ltr'><strong>aliquos</strong></span> <span class='ocrx_word' id='word_1_273' title='bbox 1297 3293 1485 3357; x_wconf 86' lang='lat' dir='ltr'><strong>hodie</strong></span> <span class='ocrx_word' id='word_1_274' title='bbox 1532 3293 1874 3378; x_wconf 76' lang='lat' dir='ltr'><strong>procedere</strong></span> <span class='ocrx_word' id='word_1_275' title='bbox 1922 3304 1984 3356; x_wconf 87' lang='lat' dir='ltr'><strong>ct</strong></span> <span class='ocrx_word' id='word_1_276' title='bbox 2031 3292 2308 3377; x_wconf 88' lang='lat' dir='ltr'><strong>reliquos</strong></span> <span class='ocrx_word' id='word_1_277' title='bbox 2357 3316 2434 3356; x_wconf 87' lang='lat' dir='ltr'><strong>ex</strong></span> <span class='ocrx_word' id='word_1_278' title='bbox 2483 3293 2682 3358; x_wconf 84' lang='lat' dir='ltr'><strong>altera</strong></span> <span class='ocrx_word' id='word_1_279' title='bbox 2729 3304 2912 3378; x_wconf 82' lang='lat' dir='ltr'><strong>parte</strong></span> <span class='ocrx_word' id='word_1_280' title='bbox 2945 3298 3132 3379; x_wconf 86' lang='lat' dir='ltr'><strong>sequi</strong></span> <span class='ocrx_word' id='word_1_281' title='bbox 3167 3319 3312 3359; x_wconf 82' lang='lat' dir='ltr'><strong>eon-</strong></span> 
     </span>
     <span class='ocr_line' id='line_1_29' title="bbox 647 3399 3312 3486; baseline 0 -20"><span class='ocrx_word' id='word_1_282' title='bbox 647 3405 865 3485; x_wconf 83' lang='lat' dir='ltr'><strong>t-ingat,</strong></span> <span class='ocrx_word' id='word_1_283' title='bbox 910 3402 1102 3465; x_wconf 84' lang='lat' dir='ltr'><strong>facile</strong></span> <span class='ocrx_word' id='word_1_284' title='bbox 1148 3424 1359 3465; x_wconf 86' lang='lat' dir='ltr'><strong>rumor</strong></span> <span class='ocrx_word' id='word_1_285' title='bbox 1403 3404 1469 3464; x_wconf 88' lang='lat' dir='ltr'><strong>in</strong></span> <span class='ocrx_word' id='word_1_286' title='bbox 1515 3402 1828 3464; x_wconf 87' lang='lat' dir='ltr'><strong>communi</strong></span> <span class='ocrx_word' id='word_1_287' title='bbox 1876 3399 2111 3486; x_wconf 91' lang='lat' dir='ltr'><strong>populo</strong></span> <span class='ocrx_word' id='word_1_288' title='bbox 2169 3403 2344 3482; x_wconf 82' lang='lat' dir='ltr'><strong>regni</strong></span> <span class='ocrx_word' id='word_1_289' title='bbox 2393 3399 2654 3464; x_wconf 86' lang='lat' dir='ltr'><strong>Boemie</strong></span> <span class='ocrx_word' id='word_1_290' title='bbox 2714 3404 2931 3486; x_wconf 81' lang='lat' dir='ltr'><strong>spargi</strong></span> <span class='ocrx_word' id='word_1_291' title='bbox 2996 3415 3065 3465; x_wconf 78' lang='lat' dir='ltr'><strong>et.</strong></span> <span class='ocrx_word' id='word_1_292' title='bbox 3112 3403 3312 3466; x_wconf 88' lang='lat' dir='ltr'><strong>insur-</strong></span> 
     </span>
     <span class='ocr_line' id='line_1_30' title="bbox 644 3507 3312 3595; baseline -0.001 -22"><span class='ocrx_word' id='word_1_293' title='bbox 644 3532 794 3595; x_wconf 83' lang='lat' dir='ltr'><strong>gere</strong></span> <span class='ocrx_word' id='word_1_294' title='bbox 842 3512 1091 3595; x_wconf 87' lang='lat' dir='ltr'><strong>poterit‚</strong></span> <span class='ocrx_word' id='word_1_295' title='bbox 1137 3510 1319 3593; x_wconf 87' lang='lat' dir='ltr'><strong>quasi</strong></span> <span class='ocrx_word' id='word_1_296' title='bbox 1365 3530 1489 3571; x_wconf 86' lang='lat' dir='ltr'><strong>una</strong></span> <span class='ocrx_word' id='word_1_297' title='bbox 1536 3530 1681 3592; x_wconf 84' lang='lat' dir='ltr'><strong>pars</strong></span> <span class='ocrx_word' id='word_1_298' title='bbox 1728 3507 1889 3572; x_wconf 87' lang='lat' dir='ltr'><strong>velit</strong></span> <span class='ocrx_word' id='word_1_299' title='bbox 1932 3508 2192 3571; x_wconf 76' lang='lat' dir='ltr'><strong>alteram</strong></span> <span class='ocrx_word' id='word_1_300' title='bbox 2241 3510 2308 3571; x_wconf 90' lang='lat' dir='ltr'><strong>in</strong></span> <span class='ocrx_word' id='word_1_301' title='bbox 2354 3508 2622 3571; x_wconf 86' lang='lat' dir='ltr'><strong>concilio</strong></span> <span class='ocrx_word' id='word_1_302' title='bbox 2669 3530 2988 3572; x_wconf 84' lang='lat' dir='ltr'><strong>accusare.</strong></span> <span class='ocrx_word' id='word_1_303' title='bbox 3056 3526 3123 3572; x_wconf 82' lang='lat' dir='ltr'><strong>et</strong></span> <span class='ocrx_word' id='word_1_304' title='bbox 3158 3511 3312 3573; x_wconf 78' lang='lat' dir='ltr'><strong>hane</strong></span> 
     </span>
     <span class='ocr_line' id='line_1_31' title="bbox 648 3614 3386 3699; baseline 0.001 -22"><span class='ocrx_word' id='word_1_305' title='bbox 648 3618 730 3681; x_wconf 89' lang='lat' dir='ltr'><strong>ob</strong></span> <span class='ocrx_word' id='word_1_306' title='bbox 777 3638 1032 3681; x_wconf 89' lang='lat' dir='ltr'><strong>causam</strong></span> <span class='ocrx_word' id='word_1_307' title='bbox 1078 3615 1427 3678; x_wconf 83' lang='lat' dir='ltr'><strong>timendum</strong></span> <span class='ocrx_word' id='word_1_308' title='bbox 1490 3625 1587 3678; x_wconf 87' lang='lat' dir='ltr'><strong>est</strong></span> <span class='ocrx_word' id='word_1_309' title='bbox 1646 3638 1725 3678; x_wconf 88' lang='lat' dir='ltr'><strong>ne</strong></span> <span class='ocrx_word' id='word_1_310' title='bbox 1785 3614 2215 3678; x_wconf 85' lang='lat' dir='ltr'><strong>dissensiones</strong></span> <span class='ocrx_word' id='word_1_311' title='bbox 2277 3618 2342 3677; x_wconf 90' lang='lat' dir='ltr'><strong>in</strong></span> <span class='ocrx_word' id='word_1_312' title='bbox 2401 3636 2595 3697; x_wconf 84' lang='lat' dir='ltr'><strong>regno</strong></span> <span class='ocrx_word' id='word_1_313' title='bbox 2653 3614 2773 3678; x_wconf 81' lang='lat' dir='ltr'><strong>hoe</strong></span> <span class='ocrx_word' id='word_1_314' title='bbox 2835 3615 3084 3699; x_wconf 75' lang='lat' dir='ltr'><strong>inclyto</strong></span> <span class='ocrx_word' id='word_1_315' title='bbox 3133 3622 3386 3689; x_wconf 63' lang='lat' dir='ltr'><strong>novt-‚3⁰</strong></span> 
     </span>
     <span class='ocr_line' id='line_1_32' title="bbox 648 3721 3312 3808; baseline 0 -23"><span class='ocrx_word' id='word_1_316' title='bbox 648 3723 818 3808; x_wconf 85' lang='lat' dir='ltr'><strong>quod</strong></span> <span class='ocrx_word' id='word_1_317' title='bbox 850 3722 1028 3786; x_wconf 88' lang='lat' dir='ltr'><strong>Deus</strong></span> <span class='ocrx_word' id='word_1_318' title='bbox 1070 3732 1335 3799; x_wconf 78' lang='lat' dir='ltr'><strong>avertat,</strong></span> <span class='ocrx_word' id='word_1_319' title='bbox 1383 3724 1761 3785; x_wconf 81' lang='lat' dir='ltr'><strong>exoriantur.</strong></span> <span class='ocrx_word' id='word_1_320' title='bbox 1825 3723 2152 3806; x_wconf 88' lang='lat' dir='ltr'><strong>principiis</strong></span> <span class='ocrx_word' id='word_1_321' title='bbox 2202 3723 2412 3805; x_wconf 82' lang='lat' dir='ltr'><strong>itaque</strong></span> <span class='ocrx_word' id='word_1_322' title='bbox 2446 3721 2830 3785; x_wconf 85' lang='lat' dir='ltr'><strong>obstandum</strong></span> <span class='ocrx_word' id='word_1_323' title='bbox 2881 3728 3312 3788; x_wconf 75' lang='lat' dir='ltr'><strong>necessarium</strong></span> 
     </span>
     <span class='ocr_line' id='line_1_33' title="bbox 650 3827 3314 3914; baseline 0 -21"><span class='ocrx_word' id='word_1_324' title='bbox 650 3854 789 3894; x_wconf 84' lang='lat' dir='ltr'><strong>csse</strong></span> <span class='ocrx_word' id='word_1_325' title='bbox 838 3828 1092 3894; x_wconf 89' lang='lat' dir='ltr'><strong>videtur</strong></span> <span class='ocrx_word' id='word_1_326' title='bbox 1138 3838 1201 3893; x_wconf 87' lang='lat' dir='ltr'><strong>et</strong></span> <span class='ocrx_word' id='word_1_327' title='bbox 1248 3851 1361 3914; x_wconf 89' lang='lat' dir='ltr'><strong>per</strong></span> <span class='ocrx_word' id='word_1_328' title='bbox 1408 3830 1618 3892; x_wconf 89' lang='lat' dir='ltr'><strong>omnia</strong></span> <span class='ocrx_word' id='word_1_329' title='bbox 1663 3827 2070 3913; x_wconf 85' lang='lat' dir='ltr'><strong>cogitandum</strong></span> <span class='ocrx_word' id='word_1_330' title='bbox 2120 3836 2220 3903; x_wconf 85' lang='lat' dir='ltr'><strong>ut,</strong></span> <span class='ocrx_word' id='word_1_331' title='bbox 2267 3840 2569 3912; x_wconf 84' lang='lat' dir='ltr'><strong>quantum</strong></span> <span class='ocrx_word' id='word_1_332' title='bbox 2619 3830 2748 3892; x_wconf 81' lang='lat' dir='ltr'><strong>fleri</strong></span> <span class='ocrx_word' id='word_1_333' title='bbox 2799 3833 3043 3913; x_wconf 84' lang='lat' dir='ltr'><strong>possit,</strong></span> <span class='ocrx_word' id='word_1_334' title='bbox 3106 3835 3314 3894; x_wconf 72' lang='lat' dir='ltr'><strong>omnia</strong></span> 
     </span>
     <span class='ocr_line' id='line_1_34' title="bbox 650 3934 3478 4031; baseline -0.001 -30"><span class='ocrx_word' id='word_1_335' title='bbox 650 3960 791 4002; x_wconf 86' lang='lat' dir='ltr'><strong>cum</strong></span> <span class='ocrx_word' id='word_1_336' title='bbox 840 3959 1015 4021; x_wconf 83' lang='lat' dir='ltr'><strong>paee,</strong></span> <span class='ocrx_word' id='word_1_337' title='bbox 1063 3936 1339 3998; x_wconf 74' lang='lat' dir='ltr'><strong>fraterna</strong></span> <span class='ocrx_word' id='word_1_338' title='bbox 1386 3947 1447 3998; x_wconf 88' lang='lat' dir='ltr'><strong>et</strong></span> <span class='ocrx_word' id='word_1_339' title='bbox 1495 3958 1756 4019; x_wconf 74' lang='lat' dir='ltr'><strong>syncera</strong></span> <span class='ocrx_word' id='word_1_340' title='bbox 1807 3936 2110 3999; x_wconf 69' lang='lat' dir='ltr'><strong>charitate</strong></span> <span class='ocrx_word' id='word_1_341' title='bbox 2159 3936 2536 4019; x_wconf 77' lang='lat' dir='ltr'><strong>principium</strong></span> <span class='ocrx_word' id='word_1_342' title='bbox 2586 3934 2879 3999; x_wconf 81' lang='lat' dir='ltr'><strong>habeant.</strong></span> <span class='ocrx_word' id='word_1_343' title='bbox 3477 3974 3478 4031; x_wconf 32' lang='grc'>1</span> 
     </span>
     <span class='ocr_line' id='line_1_35' title="bbox 830 4040 3478 4127; baseline -0 -20"><span class='ocrx_word' id='word_1_344' title='bbox 830 4044 911 4109; x_wconf 86' lang='lat' dir='ltr'><strong>Et</strong></span> <span class='ocrx_word' id='word_1_345' title='bbox 960 4053 1027 4107; x_wconf 88' lang='lat' dir='ltr'><strong>ut</strong></span> <span class='ocrx_word' id='word_1_346' title='bbox 1075 4044 1431 4106; x_wconf 71' lang='lat' dir='ltr'><strong>slunmatim</strong></span> <span class='ocrx_word' id='word_1_347' title='bbox 1480 4043 1717 4105; x_wconf 78' lang='lat' dir='ltr'><strong>dicam:</strong></span> <span class='ocrx_word' id='word_1_348' title='bbox 1781 4042 2161 4126; x_wconf 80' lang='lat' dir='ltr'><strong>ubicumque</strong></span> <span class='ocrx_word' id='word_1_349' title='bbox 2222 4042 2500 4104; x_wconf 82' lang='lat' dir='ltr'><strong>locorum</strong></span> <span class='ocrx_word' id='word_1_350' title='bbox 2559 4065 2684 4125; x_wconf 88' lang='lat' dir='ltr'><strong>quo</strong></span> <span class='ocrx_word' id='word_1_351' title='bbox 2735 4042 3004 4108; x_wconf 85' lang='lat' dir='ltr'><strong>Bohemi</strong></span> <span class='ocrx_word' id='word_1_352' title='bbox 3075 4049 3194 4126; x_wconf 74' lang='lat' dir='ltr'><strong>qui</strong></span> <span class='ocrx_word' id='word_1_353' title='bbox 3240 4044 3314 4107; x_wconf 79' lang='lat' dir='ltr'><strong>ad</strong></span> <span class='ocrx_word' id='word_1_354' title='bbox 3477 4040 3478 4127; x_wconf 49' lang='lat' dir='ltr'><strong>l</strong></span> 
     </span>
     <span class='ocr_line' id='line_1_36' title="bbox 651 4136 3478 4237; baseline -0 -22"><span class='ocrx_word' id='word_1_355' title='bbox 651 4152 989 4216; x_wconf 76' lang='lat' dir='ltr'><strong>concilium</strong></span> <span class='ocrx_word' id='word_1_356' title='bbox 1037 4152 1212 4212; x_wconf 84' lang='lat' dir='ltr'><strong>missi</strong></span> <span class='ocrx_word' id='word_1_357' title='bbox 1260 4160 1322 4212; x_wconf 80' lang='lat' dir='ltr'><strong>et</strong></span> <span class='ocrx_word' id='word_1_358' title='bbox 1356 4148 1623 4212; x_wconf 84' lang='lat' dir='ltr'><strong>ordinati</strong></span> <span class='ocrx_word' id='word_1_359' title='bbox 1674 4148 1930 4228; x_wconf 81' lang='lat' dir='ltr'><strong>fuerint,</strong></span> <span class='ocrx_word' id='word_1_360' title='bbox 1978 4147 2260 4212; x_wconf 84' lang='lat' dir='ltr'><strong>sederint</strong></span> <span class='ocrx_word' id='word_1_361' title='bbox 2295 4149 2397 4211; x_wconf 76' lang='lat' dir='ltr'><strong>vel</strong></span> <span class='ocrx_word' id='word_1_362' title='bbox 2446 4148 2927 4225; x_wconf 81' lang='lat' dir='ltr'><strong>ambulaverint,</strong></span> <span class='ocrx_word' id='word_1_363' title='bbox 2976 4176 3094 4215; x_wconf 74' lang='lat' dir='ltr'><strong>seu</strong></span> <span class='ocrx_word' id='word_1_364' title='bbox 3145 4155 3388 4237; x_wconf 51' lang='lat' dir='ltr'><strong>Just-31³</strong></span> <span class='ocrx_word' id='word_1_365' title='bbox 3477 4136 3478 4149; x_wconf 12' lang='grc' dir='ltr'>ἵ</span> 
     </span>
     <span class='ocr_line' id='line_1_37' title="bbox 652 4254 3316 4344; baseline -0 -23"><span class='ocrx_word' id='word_1_366' title='bbox 652 4282 840 4343; x_wconf 79' lang='lat' dir='ltr'><strong>quam</strong></span> <span class='ocrx_word' id='word_1_367' title='bbox 888 4260 945 4319; x_wconf 86' lang='lat' dir='ltr'><strong>in</strong></span> <span class='ocrx_word' id='word_1_368' title='bbox 998 4258 1201 4319; x_wconf 68' lang='lat' dir='ltr'><strong>lovum</strong></span> <span class='ocrx_word' id='word_1_369' title='bbox 1250 4255 1621 4341; x_wconf 80' lang='lat' dir='ltr'><strong>deputatum</strong></span> <span class='ocrx_word' id='word_1_370' title='bbox 1655 4258 1960 4334; x_wconf 81' lang='lat' dir='ltr'><strong>venerint,</strong></span> <span class='ocrx_word' id='word_1_371' title='bbox 2009 4255 2197 4319; x_wconf 85' lang='lat' dir='ltr'><strong>simili</strong></span> <span class='ocrx_word' id='word_1_372' title='bbox 2245 4254 2434 4318; x_wconf 89' lang='lat' dir='ltr'><strong>modo</strong></span> <span class='ocrx_word' id='word_1_373' title='bbox 2466 4254 2705 4319; x_wconf 85' lang='lat' dir='ltr'><strong>debent</strong></span> <span class='ocrx_word' id='word_1_374' title='bbox 2747 4258 2875 4340; x_wconf 87' lang='lat' dir='ltr'><strong>jam</strong></span> <span class='ocrx_word' id='word_1_375' title='bbox 2909 4256 3072 4322; x_wconf 89' lang='lat' dir='ltr'><strong>dicti</strong></span> <span class='ocrx_word' id='word_1_376' title='bbox 3125 4260 3316 4344; x_wconf 70' lang='lat' dir='ltr'><strong>legati</strong></span> 
     </span>
     <span class='ocr_line' id='line_1_38' title="bbox 653 4362 3314 4448; baseline -0.001 -19"><span class='ocrx_word' id='word_1_377' title='bbox 653 4369 852 4429; x_wconf 78' lang='lat' dir='ltr'><strong>amice</strong></span> <span class='ocrx_word' id='word_1_378' title='bbox 900 4362 1205 4428; x_wconf 75' lang='lat' dir='ltr'><strong>benevole</strong></span> <span class='ocrx_word' id='word_1_379' title='bbox 1254 4362 1653 4447; x_wconf 81' lang='lat' dir='ltr'><strong>fraterneque</strong></span> <span class='ocrx_word' id='word_1_380' title='bbox 1700 4372 2000 4448; x_wconf 83' lang='lat' dir='ltr'><strong>tanquam</strong></span> <span class='ocrx_word' id='word_1_381' title='bbox 2032 4385 2112 4425; x_wconf 83' lang='lat' dir='ltr'><strong>cx</strong></span> <span class='ocrx_word' id='word_1_382' title='bbox 2158 4385 2283 4425; x_wconf 89' lang='lat' dir='ltr'><strong>una</strong></span> <span class='ocrx_word' id='word_1_383' title='bbox 2329 4363 2582 4426; x_wconf 87' lang='lat' dir='ltr'><strong>natione</strong></span> <span class='ocrx_word' id='word_1_384' title='bbox 2629 4365 2962 4427; x_wconf 79' lang='lat' dir='ltr'><strong>venientes</strong></span> <span class='ocrx_word' id='word_1_385' title='bbox 3013 4388 3089 4429; x_wconf 85' lang='lat' dir='ltr'><strong>ac</strong></span> <span class='ocrx_word' id='word_1_386' title='bbox 3143 4368 3314 4430; x_wconf 83' lang='lat' dir='ltr'><strong>missi</strong></span> 
     </span>
     <span class='ocr_line' id='line_1_39' title="bbox 653 4469 3314 4547; baseline 0 -11"><span class='ocrx_word' id='word_1_387' title='bbox 653 4474 927 4537; x_wconf 75' lang='lat' dir='ltr'><strong>invicem</strong></span> <span class='ocrx_word' id='word_1_388' title='bbox 978 4473 1221 4547; x_wconf 77' lang='lat' dir='ltr'><strong>vivere,</strong></span> <span class='ocrx_word' id='word_1_389' title='bbox 1284 4472 1550 4533; x_wconf 80' lang='lat' dir='ltr'><strong>maxime</strong></span> <span class='ocrx_word' id='word_1_390' title='bbox 1613 4480 1826 4533; x_wconf 88' lang='lat' dir='ltr'><strong>autem</strong></span> <span class='ocrx_word' id='word_1_391' title='bbox 1884 4469 2068 4531; x_wconf 79' lang='lat' dir='ltr'><strong>simul</strong></span> <span class='ocrx_word' id='word_1_392' title='bbox 2133 4469 2396 4532; x_wconf 75' lang='lat' dir='ltr'><strong>consilia</strong></span> <span class='ocrx_word' id='word_1_393' title='bbox 2443 4478 2506 4532; x_wconf 84' lang='lat' dir='ltr'><strong>et</strong></span> <span class='ocrx_word' id='word_1_394' title='bbox 2554 4479 2704 4533; x_wconf 85' lang='lat' dir='ltr'><strong>vota</strong></span> <span class='ocrx_word' id='word_1_395' title='bbox 2751 4475 3118 4536; x_wconf 85' lang='lat' dir='ltr'><strong>communia</strong></span> <span class='ocrx_word' id='word_1_396' title='bbox 3169 4474 3314 4537; x_wconf 79' lang='lat' dir='ltr'><strong>dare</strong></span> 
     </span>
     <span class='ocr_line' id='line_1_40' title="bbox 654 4576 3314 4661; baseline 0.001 -20"><span class='ocrx_word' id='word_1_397' title='bbox 654 4582 715 4641; x_wconf 89' lang='lat' dir='ltr'><strong>in</strong></span> <span class='ocrx_word' id='word_1_398' title='bbox 765 4579 1056 4641; x_wconf 88' lang='lat' dir='ltr'><strong>omnibus</strong></span> <span class='ocrx_word' id='word_1_399' title='bbox 1105 4578 1293 4639; x_wconf 80' lang='lat' dir='ltr'><strong>rebus</strong></span> <span class='ocrx_word' id='word_1_400' title='bbox 1351 4600 1472 4661; x_wconf 90' lang='lat' dir='ltr'><strong>que.</strong></span> <span class='ocrx_word' id='word_1_401' title='bbox 1528 4576 1610 4640; x_wconf 86' lang='lat' dir='ltr'><strong>ad</strong></span> <span class='ocrx_word' id='word_1_402' title='bbox 1672 4599 2066 4640; x_wconf 75' lang='lat' dir='ltr'><strong>communem</strong></span> <span class='ocrx_word' id='word_1_403' title='bbox 2126 4578 2318 4639; x_wconf 86' lang='lat' dir='ltr'><strong>totius</strong></span> <span class='ocrx_word' id='word_1_404' title='bbox 2382 4577 2731 4661; x_wconf 86' lang='lat' dir='ltr'><strong>reipublice.</strong></span> <span class='ocrx_word' id='word_1_405' title='bbox 2792 4578 3146 4643; x_wconf 84' lang='lat' dir='ltr'><strong>christiane</strong></span> <span class='ocrx_word' id='word_1_406' title='bbox 3192 4594 3314 4643; x_wconf 73' lang='lat' dir='ltr'><strong>sta-</strong></span> 
     </span>
     <span class='ocr_line' id='line_1_41' title="bbox 654 4684 3383 4769; baseline 0 -20"><span class='ocrx_word' id='word_1_407' title='bbox 654 4694 786 4749; x_wconf 81' lang='lat' dir='ltr'><strong>tum</strong></span> <span class='ocrx_word' id='word_1_408' title='bbox 836 4694 895 4747; x_wconf 88' lang='lat' dir='ltr'><strong>et</strong></span> <span class='ocrx_word' id='word_1_409' title='bbox 945 4684 1284 4768; x_wconf 75' lang='lat' dir='ltr'><strong>utilitatem</strong></span> <span class='ocrx_word' id='word_1_410' title='bbox 1330 4687 1664 4769; x_wconf 81' lang='lat' dir='ltr'><strong>pertinent.</strong></span> <span class='ocrx_word' id='word_1_411' title='bbox 3325 4690 3383 4741; x_wconf 50' lang='grc' dir='ltr'><strong>θ’</strong></span> 
     </span>
    </p>
   </div>
   <div class='ocr_carea' id='block_1_3' title="bbox 3467 1961 3488 3779">
    <p class='ocr_par' dir='ltr' id='par_1_3' title="bbox 3467 1961 3488 3779">
     <span class='ocr_line' id='line_1_42' title="bbox 3467 1961 3488 3779; baseline 0 0"><span class='ocrx_word' id='word_1_412' title='bbox 3467 1961 3488 3779; x_wconf 95' lang='lat' dir='ltr'><strong> </strong></span> 
     </span>
    </p>
   </div>
   <div class='ocr_carea' id='block_1_4' title="bbox 3474 4552 3482 5158">
    <p class='ocr_par' dir='ltr' id='par_1_4' title="bbox 3474 4552 3482 5158">
     <span class='ocr_line' id='line_1_43' title="bbox 3474 4552 3482 5158; baseline 0 0"><span class='ocrx_word' id='word_1_413' title='bbox 3474 4552 3482 5158; x_wconf 95' lang='lat' dir='ltr'><strong> </strong></span> 
     </span>
    </p>
   </div>
   <div class='ocr_carea' id='block_1_5' title="bbox 3472 284 3483 1166">
    <p class='ocr_par' dir='ltr' id='par_1_5' title="bbox 3472 284 3483 1166">
     <span class='ocr_line' id='line_1_44' title="bbox 3472 284 3483 1166; baseline 0 0"><span class='ocrx_word' id='word_1_414' title='bbox 3472 284 3483 1166; x_wconf 95' lang='lat' dir='ltr'><strong> </strong></span> 
     </span>
    </p>
   </div>
  </div>
 </body>
</html>
