3500 5300
1292 345 1391 399 No.
1429 347 1526 400 29:
1567 347 1702 400 1537
1741 347 1885 400 Miirz
1933 349 2008 401 16.
2885 349 2979 406 131

321 537 402 602 de
448 538 619 603 l’uno
668 550 734 603 et
778 538 859 604 de
904 538 1109 603 l'altro
1157 549 1223 605 et
1267 541 1809 606 accommodando
1856 543 1917 606 le
1964 545 2128 628 parti
2139 566 2156 623 3
2203 543 2437 629 perche
2482 544 2676 621 forse,
2723 566 2985 608 concor-
3056 551 3198 600 1537

320 642 591 709 dandosi
634 646 680 709 11
724 648 995 710 ministri
1043 648 1154 732 piu
1203 647 1570 712 facilmente
1601 648 1721 712 che
1768 649 1811 712 li
1861 651 2130 734 patroni,
2176 658 2489 734 potranno
2521 653 2710 715 tirare
2756 651 2801 714 li
2848 652 2982 715 loro
3002 618 3143 671 ΜΝ·
3182 622 3252 671 1⁶

318 753 554 835 signori
601 774 641 816 a
684 752 951 836 qualche
983 754 1408 819 conclusione.
1487 763 1552 818 et
1597 757 1661 818 in
1706 764 1933 839 questo
1965 754 2368 820 succedendo
2413 757 2477 820 la
2506 779 2681 842 pace,
2728 759 2982 821 omnino

317 881 399 923 ne
443 859 780 922 resultaria
823 858 1063 924 honore
1110 883 1149 924 a
1193 859 1324 926 Sua
1372 859 1638 925 Santita.
1716 861 1822 926 del
1880 863 2027 946 qual
2074 861 2359 927 discorso
2407 862 2575 927 forse
2622 868 2985 928 temeraria-

262 973 550 1044 5mente,
593 988 696 1030 ma
739 987 860 1030 con
907 966 1034 1029 bon
1081 967 1216 1031 zelo
1262 967 1381 1030 m’e
1427 990 1615 1053 parso
1662 967 1857 1033 darne
1903 971 2085 1033 aviso
2131 991 2170 1033 a
2215 967 2344 1033 Sua
2386 968 2651 1049 Santita,
2698 992 2822 1034 non
2870 971 2984 1035 ob-

314 1080 524 1136 stante
571 1073 690 1136 che
746 1073 809 1136 la
869 1072 1118 1137 brevita
1176 1073 1280 1137 del
1343 1084 1559 1158 tempo
1618 1097 1735 1159 per
1801 1074 2240 1158 gl’imminenti
2308 1077 2571 1161 pericoli
2639 1100 2792 1162 pare
2862 1077 2982 1142 che

314 1177 619 1243 dissuada
661 1185 718 1243 31
765 1178 979 1263 longhi
1011 1183 1272 1260 trattati,
1319 1181 1552 1264 perche
1583 1190 1812 1265 questo
1843 1192 2160 1246 convento
2207 1204 2328 1246 con
2360 1182 2627 1267 qualche
2667 1182 2982 1269 diligenza

314 1283 678 1349 facilmente
721 1287 776 1350 si
826 1285 1134 1371 potrebbe
1181 1286 1319 1350 1616
1366 1290 1536 1352 61166
1582 1288 1628 1350 11
1673 1296 1890 1373 tempo
1938 1288 2043 1352 del
2091 1289 2381 1354 concilio,

495 1391 686 1458 Circa
730 1392 775 1456 il
835 1392 1131 1478 predetto
1193 1393 1464 1457 concilio
1510 1392 1641 1457 Sua
1684 1394 1940 1459 Maesta
1994 1394 2075 1459 ha
2134 1397 2341 1459 inteso
2398 1396 2442 1459 il
2504 1396 2701 1461 breve
2754 1399 2979 1461 scritto

222 1499 372 1563 1061
403 1498 555 1562 Ill¹¹¹⁰
602 1500 817 1583 signer
862 1499 1028 1564 duca
1073 1499 1138 1563 (11
1171 1500 1441 1564 Mantua
1484 1523 1603 1585 per
1645 1501 1690 1564 li
1734 1504 2207 1586 preparamenti
2254 1501 2320 1565 di
2368 1503 2577 1586 quella
2629 1504 2786 1567 citta
2815 1506 2858 1584 ¹)
2914 1512 2979 1567 et

312 1604 689 1670 commenda
731 1606 928 1669 molto
975 1606 1094 1670 che
1142 1604 1272 1670 Sua
1318 1604 1566 1671 Santita
1615 1606 1893 1694 proceda
1949 1617 2187 1692 quanto
2249 1614 2394 1693 pub.
2486 1631 2589 1673 ma
2641 1610 2849 1673 alcuni
2896 1608 2976 1674 (16

310 1714 518 1796 questi
565 1714 804 1796 signori
864 1711 1159 1776 m'hanno
1217 1715 1635 1798 motteggiato
1695 1713 1815 1778 che
1869 1735 1940 1778 se
1999 1712 2131 1778 Sua
2191 1713 2438 1779 Santita
2498 1715 2745 1779 volesse
2804 1717 2976 1801 prin-

311 1820 552 1904 cipiare
613 1818 655 1882 il
703 1818 1006 1897 concili0‚
1061 1819 1528 1884 sollicitarebbe
1584 1822 1695 1905 piu
1758 1829 1986 1905 questo
2041 1843 2109 1884 re
2167 1832 2232 1885 et
2284 1824 2434 1885 tutti
2491 1820 2721 1905 gl'altri
2779 1845 2848 1886 re
2911 1832 2976 1887 et

311 1927 585 2011 principi
631 1948 670 1989 a
712 1927 965 1990 venirvi
1026 1948 1064 1989 0
1113 1949 1150 1990 6
1208 1926 1538 1990 11166(161111
1597 1928 1737 1991 31101
1797 1925 2286 2006 ambasciadori,
2343 1936 2407 1992 et
2464 1931 2973 1993 massimamente

219 2038 289 2091 15
309 2031 502 2116 quelli
547 2031 667 2097 che
714 2055 828 2118 per
871 2032 934 2097 la
963 2033 1153 2116 longa
1197 2031 1484 2097 distanza
1513 2055 1766 2118 appena
1808 2033 2175 2118 partendosi
2208 2032 2436 2097 adesso
2484 2036 2549 2098 vi
2579 2034 2972 2120 potrebbeno

310 2161 522 2203 essere
567 2139 628 2203 al
674 2140 1009 2226 principiO.
1102 2140 1209 2225 [61]
1257 2139 1378 2204 6116
1425 2161 1550 2203 606
1582 2139 1701 2203 16’6
1748 2161 2011 2204 0660130
2056 2140 2213 2203 altra
2246 2142 2521 2226 risposta
2565 2163 2634 2204 se
2680 2163 2805 2204 non
2852 2142 2972 2206 che

309 2245 483 2310 forse
529 2243 662 2310 Sua
707 2243 955 2309 Santita
999 2254 1334 2331 aspettava
1379 2246 1439 2309 la
1495 2247 1884 2310 resolutione
1943 2244 2024 2310 (16
2082 2245 2431 2311 Lutherani
2489 2256 2555 2310 et
2616 2247 2782 2311 ch'io
2843 2270 2971 2311 non

309 2373 382 2414 so
440 2374 510 2416 se
578 2354 676 2416 sia
730 2352 1088 2416 necessario
1157 2374 1339 2416 usare
1408 2352 1567 2416 altra
1630 2350 2057 2417 sollicitudine
2126 2352 2466 2418 havendoli
2525 2351 2656 2418 Sua
2722 2352 2973 2418 8661116

306 2459 561 2523 invitati
609 2467 676 2522 et
721 2460 847 2523 essi
894 2467 1211 2523 accettato
1270 2458 1334 2523 di
1397 2461 1615 2523 venire
1673 2460 1734 2523 al
1792 2467 2009 2544 tempo
2056 2458 2380 2545 publicato
2435 2459 2969 2525 nel'intimatione.

211 2573 521 2629 20tamen
565 2566 654 2629 mi
699 2565 908 2630 hanno
953 2565 1261 2651 replicato
1309 2588 1481 2629 esser
1527 2567 1885 2629 necessario
1931 2564 2049 2630 che
2097 2564 2227 2630 8116
2264 2564 2517 2631 8661116
2560 2567 2808 2630 6116660
2854 2591 2971 2654 per

307 2672 488 2737 brevi
533 2674 789 2738 solliciti
849 2673 970 2738 che
1029 2695 1321 2757 vengano
1376 2672 1417 2735 li
1464 2672 1742 2758 predetti
1788 2673 1873 2757 [re
1934 2682 2000 2737 et
2043 2674 2277 2757 signori
2324 2695 2362 2736 0
2407 2672 2707 2738 11166(11110
2750 2674 2968 2758 gl'am-

304 2778 680 2845 basciadori.
1958 2791 1961 2794 ’

484 2888 546 2950 A
592 2888 651 2952 le
716 2909 864 2951 cose
911 2886 1270 2970 d'Augusta
1329 2909 1455 2949 non
1513 2885 1601 2950 s'e
1662 2887 1828 2950 satta
1886 2887 2047 2951 altra
2103 2888 2498 2973 provisione,
2557 2897 2964 2972 quantunque

304 2993 502 3056 molto
549 3016 851 3079 premono
898 3016 937 3058 a
980 3003 1206 3078 questo
1251 3016 1340 3073 re,
1386 3001 1453 3057 et
1496 2996 1560 3056 io
1619 2991 1685 3056 di
1733 3015 1945 3057 nuovo
1991 2992 2116 3056 l'ho
2164 3002 2541 3078 exaggerate
2600 3002 2834 3077 quanto
2879 2993 2963 3058 ho

209 3104 284 3159 25
305 3109 570 3184 possuto
616 3099 895 3165 secondo
943 3100 1003 3164 la
1049 3103 1285 3178 verita5
1354 3122 1456 3164 ma
1514 3099 1821 3186 s'aspctta
1887 3100 1951 3164 la
2018 3102 2296 3184 risposta
2353 3099 2437 3163 (16
2497 3098 2628 3165 8116
2688 3099 2965 3165 Cesarea

301 3206 577 3286 Maesta,
624 3206 854 3291 perche
883 3206 1123 3270 hormai
1157 3205 1401 3290 l'acqua
1431 3211 1464 3269 6
1497 3214 1732 3270 venuta
1763 3215 1941 3270 tanto
1980 3215 2149 3270 sotto
2181 3205 2301 3270 che
2348 3228 2465 3291 per
2494 3205 2669 3270 forza
2698 3206 2964 3290 bisogna

302 3311 596 3397 bagnarsi
658 3322 723 3376 et
790 3311 1023 3377 bevere
1093 3322 1159 3377 et
1225 3311 1620 3396 risguardare
1690 3335 1727 3375 6
1794 3313 1858 3376 16
1916 3313 2080 3376 mala
2142 3311 2506 3377 conditione
2553 3312 2634 3377 (16
2680 3315 2960 3399 presenti

301 3421 532 3506 tempi!
578 3425 612 3482 6
660 3419 783 3483 ben
830 3442 981 3483 vero
1027 3420 1144 3483 che
1178 3429 1405 3505 questo
1450 3443 1518 3484 re
1567 3442 1691 3483 non
1737 3419 1823 3483 116
1867 3419 2086 3483 voluto
2132 3418 2312 3483 udire
2360 3421 2381 3483 i
2427 3421 2562 3483 suoi
2611 3419 2962 3484 ambascia-

301 3525 458 3604 dori,
504 3527 675 3610 quali
723 3529 1040 3590 venivano
1085 3549 1201 3611 per
1232 3528 1542 3590 escusarsi
1591 3534 1656 3589 et
1698 3525 1870 3610 gl'ha
1901 3534 2083 3589 usato
2131 3548 2352 3611 aspere
2382 3526 2599 3611 parole
2647 3529 2711 3589 in
2741 3527 2959 3606 lettre3

204 3638 282 3692 30
302 3637 455 3718 pero
502 3631 793 3697 venendo
839 3632 899 3696 16
946 3632 1369 3697 declaratione
1415 3632 1496 3696 de
1542 3633 1605 3696 16
1648 3642 1858 3696 mente
1906 3632 1971 3696 di
2004 3630 2133 3696 Sua
2165 3632 2441 3696 Cesarea
2470 3632 2724 3696 Maesta
2768 3632 2959 3697 credo

299 3762 368 3804 sc
413 3740 459 3804 li
506 3739 643 3804 1616
687 3739 954 3824 qualche
999 3741 1362 3825 provisione
1409 3748 1473 3803 et
1520 3743 1582 3802 io
1628 3760 1754 3802 non
1802 3743 2098 3803 1116116616
2146 3761 2184 3802 6
2228 3746 2442 3823 tempo
2498 3737 2564 3802 di
2619 3739 2957 3803 sollicitare

298 3868 602 3932 appresso
650 3845 780 3910 Sua
824 3845 1094 3924 Maesta,
1141 3845 1304 3911 com'
1351 3846 1500 3930 ogni
1544 3848 1770 3930 giorno
1817 3848 1872 3910 si
1920 3844 1986 3908 16
2032 3843 2098 3908 (11
2145 3845 2337 3908 molte
2384 3866 2532 3909 cose
2592 3845 2956 3929 particulari

297 3955 364 4016 in
412 3955 820 4039 oppressione
869 3951 948 4016 de
996 3954 1257 4017 vescovi
1306 3952 1522 4017 abbati
1570 3960 1634 4015 et
1679 3952 1840 4016 altro
1900 3951 2069 4016 clero
2126 3951 2287 4016 fatte
2336 3953 2399 4014 in
2459 3949 2697 4015 diversi
2759 3955 2957 4037 paesi,

298 4059 380 4124 dc
426 4059 594 4144 quali
641 4082 765 4124 non
812 4062 1023 4125 scrivo
1070 4083 1108 4124 a
1152 4056 1242 4125 V.
1289 4057 1354 4123 8.
1412 4082 1528 4145 per
1573 4061 1814 4124 evitare
1872 4059 1916 4122 il
1977 4058 2135 4122 (16111
2197 4061 2341 4122 noia
2400 4057 2464 4121 di
2513 4067 2732 4142 queste
2789 4081 2956 4138 cose,

203 4170 277 4224 35
296 4166 596 4232 ch'ormai
643 4168 697 4230 si
743 4188 1022 4252 possono
1069 4165 1169 4231 dir
1214 4168 1450 4230 minute
1478 4168 1543 4247 ²).

443 4361 483 4427 ¹)
531 4362 645 4433 Vql.
681 4363 817 4418 oben
849 4379 921 4416 zu
957 4380 1041 4417 nr.
1077 4366 1169 4417 24.

442 4451 486 4519 ²)
525 4452 643 4506 Der
662 4451 939 4508 Cardinal
955 4469 1064 4507 von
1083 4451 1292 4506 Trient‘
1306 4452 1512 4506 schffeb
1541 4452 1606 4505 in
1625 4450 1811 4505 diesen
1830 4450 2019 4520 Tayen
2040 4480 2106 4489 —
2128 4450 2180 4504 d.
2202 4450 2254 4504 d.
2276 4450 2429 4520 Pray
2451 4454 2525 4503 10
2543 4450 2705 4504 Miirz
2722 4452 2864 4504 1537
2884 4479 2950 4488 —

293 4559 376 4595 απ
412 4540 519 4596 den
547 4541 745 4610 Papet:
781 4540 978 4595 Nullas
1006 4539 1379 4611 superioribus
1416 4539 1611 4594 diebus
1649 4539 1720 4594 ad
1749 4539 2112 4594 Sanctitatem
2140 4539 2395 4594 Vestram
2434 4540 2618 4593 literas
2655 4538 2797 4606 dedi,
2835 4545 2951 4592 tum

295 4645 365 4684 ne
384 4629 610 4689 candem
628 4630 832 4700 alioqui
854 4628 1335 4700 occupatissimam
1363 4628 1526 4699 nugis
1547 4628 1679 4683 meis
1707 4629 2070 4696 molestarem,
2098 4634 2217 4682 tum
2244 4628 2412 4682 etiam
2440 4628 2571 4698 quia
2589 4643 2951 4698 quaecunque

201 4717 388 4774 40hic
424 4719 547 4772 novi
585 4719 874 4787 accidunt,
923 4717 1336 4789 prothonotario
1372 4717 1628 4787 Xantho,
1677 4717 1866 4788 agenti
1904 4717 2056 4788 regio
2092 4717 2239 4787 apud
2277 4716 2636 4771 sanctitatem
2682 4718 2949 4780 Vestram,

2448 4808 2522 4858 9*
