<?xml version="1.0" encoding="UTF-8"?>
<!DOCTYPE html PUBLIC "-//W3C//DTD XHTML 1.0 Transitional//EN"
    "http://www.w3.org/TR/xhtml1/DTD/xhtml1-transitional.dtd">
<html xmlns="http://www.w3.org/1999/xhtml" xml:lang="en" lang="en">
 <head>
  <title>
</title>
<meta http-equiv="Content-Type" content="text/html;charset=utf-8" />
  <meta name='ocr-system' content='tesseract 3.04.00' />
  <meta name='ocr-capabilities' content='ocr_page ocr_carea ocr_par ocr_line ocrx_word'/>
</head>
<body>
  <div class='ocr_page' id='page_1' title='image "./nuntiaturberich02deugoog_1075.png"; bbox 0 0 3500 5300; ppageno 0'>
   <div class='ocr_carea' id='block_1_1' title="bbox 547 341 2098 424">
    <p class='ocr_par' dir='ltr' id='par_1_1' title="bbox 547 341 2098 424">
     <span class='ocr_line' id='line_1_1' title="bbox 547 341 2098 424; baseline -0.004 0"><span class='ocrx_word' id='word_1_1' title='bbox 547 341 658 424; x_wconf 72' lang='lat'>878</span> <span class='ocrx_word' id='word_1_2' title='bbox 1664 363 1764 419; x_wconf 79' lang='lat' dir='ltr'>No.</span> <span class='ocrx_word' id='word_1_3' title='bbox 1803 366 1904 419; x_wconf 63' lang='lat'>1³:</span> <span class='ocrx_word' id='word_1_4' title='bbox 1945 365 2098 419; x_wconf 81' lang='lat'>1536.</span> 
     </span>
    </p>
   </div>
   <div class='ocr_carea' id='block_1_2' title="bbox 358 559 3214 650">
    <p class='ocr_par' dir='ltr' id='par_1_2' title="bbox 358 559 3214 650">
     <span class='ocr_line' id='line_1_2' title="bbox 358 559 3214 650; baseline -0.001 -23"><span class='ocrx_word' id='word_1_5' title='bbox 358 567 496 617; x_wconf 83' lang='lat'><strong><em>1536</em></strong></span> <span class='ocrx_word' id='word_1_6' title='bbox 551 561 899 650; x_wconf 88' lang='lat' dir='ltr'>quandam,</span> <span class='ocrx_word' id='word_1_7' title='bbox 970 573 1041 625; x_wconf 92' lang='lat' dir='ltr'>ut</span> <span class='ocrx_word' id='word_1_8' title='bbox 1084 562 1204 648; x_wconf 90' lang='lat' dir='ltr'>ipsi</span> <span class='ocrx_word' id='word_1_9' title='bbox 1249 559 1369 625; x_wconf 89' lang='lat' dir='ltr'>illis</span> <span class='ocrx_word' id='word_1_10' title='bbox 1414 571 1736 648; x_wconf 77' lang='lat' dir='ltr'><strong>preessent</strong></span> <span class='ocrx_word' id='word_1_11' title='bbox 1780 569 1844 626; x_wconf 94' lang='lat' dir='ltr'>et</span> <span class='ocrx_word' id='word_1_12' title='bbox 1887 569 2168 627; x_wconf 85' lang='lat' dir='ltr'>maturos</span> <span class='ocrx_word' id='word_1_13' title='bbox 2213 582 2347 626; x_wconf 89' lang='lat' dir='ltr'>sese</span> <span class='ocrx_word' id='word_1_14' title='bbox 2392 569 2580 648; x_wconf 83' lang='lat' dir='ltr'>atque</span> <span class='ocrx_word' id='word_1_15' title='bbox 2622 560 2925 648; x_wconf 80' lang='lat' dir='ltr'>providos</span> <span class='ocrx_word' id='word_1_16' title='bbox 2969 560 3035 625; x_wconf 91' lang='lat' dir='ltr'>in</span> <span class='ocrx_word' id='word_1_17' title='bbox 3079 582 3214 624; x_wconf 82' lang='lat' dir='ltr'>om·</span> 
     </span>
    </p>
   </div>
   <div class='ocr_carea' id='block_1_3' title="bbox 550 666 3313 3862">
    <p class='ocr_par' dir='ltr' id='par_1_3' title="bbox 550 666 3301 1376">
     <span class='ocr_line' id='line_1_3' title="bbox 553 666 3212 755; baseline -0.001 -21"><span class='ocrx_word' id='word_1_18' title='bbox 553 668 740 734; x_wconf 89' lang='lat' dir='ltr'>nibus</span> <span class='ocrx_word' id='word_1_19' title='bbox 785 668 1178 751; x_wconf 81' lang='lat' dir='ltr'>exhiberent,</span> <span class='ocrx_word' id='word_1_20' title='bbox 1226 691 1306 733; x_wconf 92' lang='lat' dir='ltr'>ne</span> <span class='ocrx_word' id='word_1_21' title='bbox 1337 670 1588 733; x_wconf 90' lang='lat' dir='ltr'>interim</span> <span class='ocrx_word' id='word_1_22' title='bbox 1634 668 1975 754; x_wconf 84' lang='lat' dir='ltr'>languente</span> <span class='ocrx_word' id='word_1_23' title='bbox 2004 678 2255 755; x_wconf 82' lang='lat' dir='ltr'>pastore</span> <span class='ocrx_word' id='word_1_24' title='bbox 2282 690 2445 753; x_wconf 81' lang='lat' dir='ltr'>grex</span> <span class='ocrx_word' id='word_1_25' title='bbox 2490 667 2878 733; x_wconf 85' lang='lat' dir='ltr'>insidiatoris</span> <span class='ocrx_word' id='word_1_26' title='bbox 2914 666 3212 733; x_wconf 85' lang='lat' dir='ltr'>dentibus</span> 
     </span>
     <span class='ocr_line' id='line_1_4' title="bbox 550 774 3209 862; baseline -0.001 -22"><span class='ocrx_word' id='word_1_27' title='bbox 550 775 887 841; x_wconf 88' lang='lat' dir='ltr'>laniandus</span> <span class='ocrx_word' id='word_1_28' title='bbox 931 785 1356 862; x_wconf 84' lang='lat' dir='ltr'>exponeretur</span> <span class='ocrx_word' id='word_1_29' title='bbox 1398 775 1932 862; x_wconf 81' lang='lat' dir='ltr'>ecclesiarumque</span> <span class='ocrx_word' id='word_1_30' title='bbox 1976 777 2258 862; x_wconf 88' lang='lat' dir='ltr'>ipsarum</span> <span class='ocrx_word' id='word_1_31' title='bbox 2304 774 2543 841; x_wconf 88' lang='lat' dir='ltr'>utilitas</span> <span class='ocrx_word' id='word_1_32' title='bbox 2586 775 2938 861; x_wconf 87' lang='lat' dir='ltr'>deperiret,</span> <span class='ocrx_word' id='word_1_33' title='bbox 2984 774 3094 840; x_wconf 86' lang='lat' dir='ltr'>sed</span> <span class='ocrx_word' id='word_1_34' title='bbox 3139 775 3209 838; x_wconf 92' lang='lat' dir='ltr'>il-</span> 
     </span>
     <span class='ocr_line' id='line_1_5' title="bbox 552 880 3209 969; baseline -0.002 -21"><span class='ocrx_word' id='word_1_35' title='bbox 552 882 756 948; x_wconf 87' lang='lat' dir='ltr'>lorum</span> <span class='ocrx_word' id='word_1_36' title='bbox 827 906 979 947; x_wconf 86' lang='lat' dir='ltr'>cura</span> <span class='ocrx_word' id='word_1_37' title='bbox 1047 880 1284 947; x_wconf 82' lang='lat' dir='ltr'>solicite</span> <span class='ocrx_word' id='word_1_38' title='bbox 1352 892 1689 968; x_wconf 86' lang='lat' dir='ltr'>gereretur.</span> <span class='ocrx_word' id='word_1_39' title='bbox 1791 883 1855 948; x_wconf 91' lang='lat' dir='ltr'>id</span> <span class='ocrx_word' id='word_1_40' title='bbox 1930 883 2098 969; x_wconf 90' lang='lat' dir='ltr'>quod</span> <span class='ocrx_word' id='word_1_41' title='bbox 2171 905 2210 946; x_wconf 89' lang='lat' dir='ltr'>a</span> <span class='ocrx_word' id='word_1_42' title='bbox 2277 882 2496 947; x_wconf 85' lang='lat' dir='ltr'>divino</span> <span class='ocrx_word' id='word_1_43' title='bbox 2564 883 2702 968; x_wconf 86' lang='lat' dir='ltr'>jure</span> <span class='ocrx_word' id='word_1_44' title='bbox 2772 905 2898 947; x_wconf 93' lang='lat' dir='ltr'>non</span> <span class='ocrx_word' id='word_1_45' title='bbox 2966 881 3209 947; x_wconf 82' lang='lat' dir='ltr'>deviat:</span> 
     </span>
     <span class='ocr_line' id='line_1_6' title="bbox 552 988 3301 1077; baseline 0 -23"><span class='ocrx_word' id='word_1_46' title='bbox 552 989 794 1077; x_wconf 88' lang='lat' dir='ltr'>psalmo</span> <span class='ocrx_word' id='word_1_47' title='bbox 840 991 1003 1053; x_wconf 87' lang='lat' dir='ltr'>enim</span> <span class='ocrx_word' id='word_1_48' title='bbox 1058 999 1182 1056; x_wconf 68' lang='grc'>108</span> <span class='ocrx_word' id='word_1_49' title='bbox 1220 993 1268 1070; x_wconf 88' lang='lat'>¹)</span> <span class='ocrx_word' id='word_1_50' title='bbox 1312 1000 1375 1054; x_wconf 89' lang='lat' dir='ltr'>et</span> <span class='ocrx_word' id='word_1_51' title='bbox 1420 990 1564 1053; x_wconf 90' lang='lat' dir='ltr'>Act.</span> <span class='ocrx_word' id='word_1_52' title='bbox 1612 991 1816 1077; x_wconf 87' lang='lat' dir='ltr'>primo</span> <span class='ocrx_word' id='word_1_53' title='bbox 1846 992 1901 1076; x_wconf 78' lang='lat'>²)</span> <span class='ocrx_word' id='word_1_54' title='bbox 1946 988 2246 1054; x_wconf 84' lang='lat' dir='ltr'>traditum</span> <span class='ocrx_word' id='word_1_55' title='bbox 2293 1002 2389 1054; x_wconf 90' lang='lat' dir='ltr'>est</span> <span class='ocrx_word' id='word_1_56' title='bbox 2432 990 2866 1076; x_wconf 88' lang='lat' dir='ltr'>episcopatum</span> <span class='ocrx_word' id='word_1_57' title='bbox 2913 989 3050 1075; x_wconf 87' lang='lat' dir='ltr'>ejus</span> <span class='ocrx_word' id='word_1_58' title='bbox 3101 989 3212 1074; x_wconf 85' lang='lat' dir='ltr'>qui</span> <span class='ocrx_word' id='word_1_59' title='bbox 3267 1002 3301 1054; x_wconf 81' lang='lat'>5</span> 
     </span>
     <span class='ocr_line' id='line_1_7' title="bbox 552 1095 3213 1184; baseline -0.001 -23"><span class='ocrx_word' id='word_1_60' title='bbox 552 1095 717 1161; x_wconf 88' lang='lat' dir='ltr'>male</span> <span class='ocrx_word' id='word_1_61' title='bbox 763 1099 891 1181; x_wconf 90' lang='lat' dir='ltr'>egit</span> <span class='ocrx_word' id='word_1_62' title='bbox 936 1096 1366 1183; x_wconf 87' lang='lat' dir='ltr'>recipiendum</span> <span class='ocrx_word' id='word_1_63' title='bbox 1412 1107 1475 1161; x_wconf 92' lang='lat' dir='ltr'>et</span> <span class='ocrx_word' id='word_1_64' title='bbox 1523 1095 1700 1162; x_wconf 87' lang='lat' dir='ltr'>alteri</span> <span class='ocrx_word' id='word_1_65' title='bbox 1747 1095 2053 1180; x_wconf 86' lang='lat' dir='ltr'>dandum,</span> <span class='ocrx_word' id='word_1_66' title='bbox 2101 1098 2265 1161; x_wconf 90' lang='lat' dir='ltr'>sicut</span> <span class='ocrx_word' id='word_1_67' title='bbox 2309 1106 2372 1161; x_wconf 90' lang='lat' dir='ltr'>et</span> <span class='ocrx_word' id='word_1_68' title='bbox 2417 1095 2570 1161; x_wconf 86' lang='lat' dir='ltr'>Mat.</span> <span class='ocrx_word' id='word_1_69' title='bbox 2621 1105 2698 1163; x_wconf 81' lang='lat'>21</span> <span class='ocrx_word' id='word_1_70' title='bbox 2732 1095 2806 1184; x_wconf 75' lang='lat'>⁸),</span> <span class='ocrx_word' id='word_1_71' title='bbox 2853 1095 3054 1160; x_wconf 84' lang='lat' dir='ltr'>Marci</span> <span class='ocrx_word' id='word_1_72' title='bbox 3089 1105 3126 1159; x_wconf 82' lang='lat'>2</span> <span class='ocrx_word' id='word_1_73' title='bbox 3157 1097 3213 1176; x_wconf 78' lang='lat'>⁴)</span> 
     </span>
     <span class='ocr_line' id='line_1_8' title="bbox 554 1202 3213 1290; baseline -0 -22"><span class='ocrx_word' id='word_1_74' title='bbox 554 1216 617 1269; x_wconf 91' lang='lat' dir='ltr'>et</span> <span class='ocrx_word' id='word_1_75' title='bbox 662 1202 835 1268; x_wconf 86' lang='lat' dir='ltr'>Luce</span> <span class='ocrx_word' id='word_1_76' title='bbox 890 1214 963 1271; x_wconf 87' lang='lat'>19</span> <span class='ocrx_word' id='word_1_77' title='bbox 994 1205 1048 1288; x_wconf 82' lang='lat'>⁶)</span> <span class='ocrx_word' id='word_1_78' title='bbox 1094 1202 1259 1267; x_wconf 89' lang='lat' dir='ltr'>male</span> <span class='ocrx_word' id='word_1_79' title='bbox 1315 1202 1649 1289; x_wconf 85' lang='lat' dir='ltr'>agentibus</span> <span class='ocrx_word' id='word_1_80' title='bbox 1708 1202 2004 1290; x_wconf 83' lang='lat' dir='ltr'>agricolis</span> <span class='ocrx_word' id='word_1_81' title='bbox 2061 1204 2307 1290; x_wconf 87' lang='lat' dir='ltr'>accepit</span> <span class='ocrx_word' id='word_1_82' title='bbox 2374 1203 2670 1268; x_wconf 88' lang='lat' dir='ltr'>dominus</span> <span class='ocrx_word' id='word_1_83' title='bbox 2725 1204 2978 1268; x_wconf 85' lang='lat' dir='ltr'>vineam</span> <span class='ocrx_word' id='word_1_84' title='bbox 3031 1225 3213 1267; x_wconf 83' lang='lat' dir='ltr'>suam</span> 
     </span>
     <span class='ocr_line' id='line_1_9' title="bbox 555 1308 1095 1376; baseline -0.004 -1"><span class='ocrx_word' id='word_1_85' title='bbox 555 1321 617 1375; x_wconf 88' lang='lat' dir='ltr'>et</span> <span class='ocrx_word' id='word_1_86' title='bbox 662 1309 800 1374; x_wconf 90' lang='lat' dir='ltr'>aliis</span> <span class='ocrx_word' id='word_1_87' title='bbox 844 1308 1095 1376; x_wconf 87' lang='lat' dir='ltr'>locavit.</span> 
     </span>
    </p>

    <p class='ocr_par' dir='ltr' id='par_1_4' title="bbox 556 1415 3304 2140">
     <span class='ocr_line' id='line_1_10' title="bbox 733 1415 3214 1506; baseline -0 -25"><span class='ocrx_word' id='word_1_88' title='bbox 733 1417 1098 1483; x_wconf 85' lang='lat' dir='ltr'>Meminisse</span> <span class='ocrx_word' id='word_1_89' title='bbox 1143 1427 1355 1482; x_wconf 89' lang='lat' dir='ltr'>tamen</span> <span class='ocrx_word' id='word_1_90' title='bbox 1386 1417 1690 1483; x_wconf 89' lang='lat' dir='ltr'>debemus</span> <span class='ocrx_word' id='word_1_91' title='bbox 1735 1417 2169 1504; x_wconf 88' lang='lat' dir='ltr'>superioribus</span> <span class='ocrx_word' id='word_1_92' title='bbox 2214 1417 2603 1506; x_wconf 84' lang='lat' dir='ltr'>temporibus</span> <span class='ocrx_word' id='word_1_93' title='bbox 2648 1419 2714 1483; x_wconf 91' lang='lat' dir='ltr'>in</span> <span class='ocrx_word' id='word_1_94' title='bbox 2757 1415 3214 1504; x_wconf 80' lang='lat' dir='ltr'>parochialium</span> 
     </span>
     <span class='ocr_line' id='line_1_11' title="bbox 556 1524 3300 1612; baseline 0 -23"><span class='ocrx_word' id='word_1_95' title='bbox 556 1525 876 1590; x_wconf 87' lang='lat' dir='ltr'>comendis</span> <span class='ocrx_word' id='word_1_96' title='bbox 919 1525 1109 1589; x_wconf 86' lang='lat' dir='ltr'>fuisse</span> <span class='ocrx_word' id='word_1_97' title='bbox 1156 1526 1519 1611; x_wconf 86' lang='lat' dir='ltr'>requisitam</span> <span class='ocrx_word' id='word_1_98' title='bbox 1564 1534 1797 1590; x_wconf 86' lang='lat' dir='ltr'>etatem</span> <span class='ocrx_word' id='word_1_99' title='bbox 1843 1524 2249 1611; x_wconf 84' lang='lat' dir='ltr'>legittimam,</span> <span class='ocrx_word' id='word_1_100' title='bbox 2310 1526 2464 1612; x_wconf 88' lang='lat' dir='ltr'>quin</span> <span class='ocrx_word' id='word_1_101' title='bbox 2523 1527 2713 1589; x_wconf 88' lang='lat' dir='ltr'>etiam</span> <span class='ocrx_word' id='word_1_102' title='bbox 2760 1524 3213 1589; x_wconf 86' lang='lat' dir='ltr'>sacerdotium:</span> <span class='ocrx_word' id='word_1_103' title='bbox 3235 1538 3300 1589; x_wconf 90' lang='lat'>10</span> 
     </span>
     <span class='ocr_line' id='line_1_12' title="bbox 558 1630 3212 1718; baseline -0 -22"><span class='ocrx_word' id='word_1_104' title='bbox 558 1656 608 1697; x_wconf 91' lang='lat' dir='ltr'>c.</span> <span class='ocrx_word' id='word_1_105' title='bbox 660 1654 841 1696; x_wconf 88' lang='lat' dir='ltr'>nemo</span> <span class='ocrx_word' id='word_1_106' title='bbox 901 1631 1196 1718; x_wconf 88' lang='lat' dir='ltr'>deinceps</span> <span class='ocrx_word' id='word_1_107' title='bbox 1257 1631 1337 1696; x_wconf 92' lang='lat' dir='ltr'>de</span> <span class='ocrx_word' id='word_1_108' title='bbox 1397 1631 1571 1696; x_wconf 86' lang='lat' dir='ltr'>elect.</span> <span class='ocrx_word' id='word_1_109' title='bbox 1635 1631 1796 1696; x_wconf 83' lang='lat' dir='ltr'>libro</span> <span class='ocrx_word' id='word_1_110' title='bbox 1847 1643 1882 1699; x_wconf 85' lang='lat'>6</span> <span class='ocrx_word' id='word_1_111' title='bbox 1915 1636 2001 1715; x_wconf 80' lang='lat'>⁶),</span> <span class='ocrx_word' id='word_1_112' title='bbox 2061 1655 2206 1698; x_wconf 86' lang='lat' dir='ltr'>curn</span> <span class='ocrx_word' id='word_1_113' title='bbox 2266 1644 2476 1697; x_wconf 85' lang='lat' dir='ltr'>tamen</span> <span class='ocrx_word' id='word_1_114' title='bbox 2537 1632 2633 1696; x_wconf 90' lang='lat' dir='ltr'>his</span> <span class='ocrx_word' id='word_1_115' title='bbox 2689 1633 2798 1718; x_wconf 85' lang='lat' dir='ltr'>qui</span> <span class='ocrx_word' id='word_1_116' title='bbox 2853 1634 2918 1696; x_wconf 92' lang='lat' dir='ltr'>in</span> <span class='ocrx_word' id='word_1_117' title='bbox 2964 1630 3212 1695; x_wconf 87' lang='lat' dir='ltr'>titulum</span> 
     </span>
     <span class='ocr_line' id='line_1_13' title="bbox 557 1738 3212 1826; baseline -0.001 -23"><span class='ocrx_word' id='word_1_118' title='bbox 557 1738 838 1803; x_wconf 88' lang='lat' dir='ltr'>obtinere</span> <span class='ocrx_word' id='word_1_119' title='bbox 885 1738 1201 1817; x_wconf 86' lang='lat' dir='ltr'>deberent,</span> <span class='ocrx_word' id='word_1_120' title='bbox 1249 1738 1564 1803; x_wconf 80' lang='lat' dir='ltr'>sufficeret</span> <span class='ocrx_word' id='word_1_121' title='bbox 1610 1740 1779 1826; x_wconf 85' lang='lat' dir='ltr'>quod</span> <span class='ocrx_word' id='word_1_122' title='bbox 1828 1742 1891 1804; x_wconf 91' lang='lat' dir='ltr'>in</span> <span class='ocrx_word' id='word_1_123' title='bbox 1933 1763 2008 1805; x_wconf 86' lang='lat' dir='ltr'>ea</span> <span class='ocrx_word' id='word_1_124' title='bbox 2053 1741 2259 1805; x_wconf 86' lang='lat' dir='ltr'>forent</span> <span class='ocrx_word' id='word_1_125' title='bbox 2287 1749 2454 1805; x_wconf 88' lang='lat' dir='ltr'>etate</span> <span class='ocrx_word' id='word_1_126' title='bbox 2499 1741 2562 1803; x_wconf 90' lang='lat' dir='ltr'>in</span> <span class='ocrx_word' id='word_1_127' title='bbox 2595 1762 2723 1826; x_wconf 89' lang='lat' dir='ltr'>qua</span> <span class='ocrx_word' id='word_1_128' title='bbox 2767 1749 3023 1826; x_wconf 88' lang='lat' dir='ltr'>possent</span> <span class='ocrx_word' id='word_1_129' title='bbox 3052 1739 3212 1802; x_wconf 74' lang='lat' dir='ltr'>infra</span> 
     </span>
     <span class='ocr_line' id='line_1_14' title="bbox 558 1845 3214 1932; baseline -0 -22"><span class='ocrx_word' id='word_1_130' title='bbox 558 1869 791 1910; x_wconf 87' lang='lat' dir='ltr'>annum</span> <span class='ocrx_word' id='word_1_131' title='bbox 853 1845 934 1910; x_wconf 78' lang='lat' dir='ltr'>ad</span> <span class='ocrx_word' id='word_1_132' title='bbox 995 1868 1209 1910; x_wconf 81' lang='lat' dir='ltr'>sacros</span> <span class='ocrx_word' id='word_1_133' title='bbox 1268 1845 1519 1910; x_wconf 85' lang='lat' dir='ltr'>ordines</span> <span class='ocrx_word' id='word_1_134' title='bbox 1563 1849 1953 1932; x_wconf 87' lang='lat' dir='ltr'>promoveri,</span> <span class='ocrx_word' id='word_1_135' title='bbox 2016 1849 2065 1911; x_wconf 89' lang='lat' dir='ltr'>si</span> <span class='ocrx_word' id='word_1_136' title='bbox 2112 1871 2236 1911; x_wconf 90' lang='lat' dir='ltr'>non</span> <span class='ocrx_word' id='word_1_137' title='bbox 2284 1855 2490 1911; x_wconf 85' lang='lat' dir='ltr'>essent</span> <span class='ocrx_word' id='word_1_138' title='bbox 2536 1845 2892 1912; x_wconf 83' lang='lat' dir='ltr'>sacerdotes</span> <span class='ocrx_word' id='word_1_139' title='bbox 2938 1855 3214 1932; x_wconf 87' lang='lat' dir='ltr'>tempore</span> 
     </span>
     <span class='ocr_line' id='line_1_15' title="bbox 561 1951 3212 2040; baseline 0 -25"><span class='ocrx_word' id='word_1_140' title='bbox 561 1975 684 2039; x_wconf 89' lang='lat' dir='ltr'>quo</span> <span class='ocrx_word' id='word_1_141' title='bbox 733 1952 850 2016; x_wconf 91' lang='lat' dir='ltr'>sibi</span> <span class='ocrx_word' id='word_1_142' title='bbox 898 1953 1298 2039; x_wconf 89' lang='lat' dir='ltr'>providetur:</span> <span class='ocrx_word' id='word_1_143' title='bbox 1362 1975 1412 2016; x_wconf 92' lang='lat' dir='ltr'>c.</span> <span class='ocrx_word' id='word_1_144' title='bbox 1460 1975 1605 2016; x_wconf 86' lang='lat' dir='ltr'>cum</span> <span class='ocrx_word' id='word_1_145' title='bbox 1665 1955 1728 2017; x_wconf 90' lang='lat' dir='ltr'>in</span> <span class='ocrx_word' id='word_1_146' title='bbox 1788 1955 2030 2019; x_wconf 88' lang='lat' dir='ltr'>cunctis</span> <span class='ocrx_word' id='word_1_147' title='bbox 2089 1954 2169 2019; x_wconf 88' lang='lat' dir='ltr'>de</span> <span class='ocrx_word' id='word_1_148' title='bbox 2228 1954 2403 2019; x_wconf 88' lang='lat' dir='ltr'>elect.</span> <span class='ocrx_word' id='word_1_149' title='bbox 2433 1955 2525 2040; x_wconf 84' lang='lat'>⁷);</span> <span class='ocrx_word' id='word_1_150' title='bbox 2585 1977 2637 2018; x_wconf 90' lang='lat' dir='ltr'>c.</span> <span class='ocrx_word' id='word_1_151' title='bbox 2683 1951 2829 2018; x_wconf 90' lang='lat' dir='ltr'>licet</span> <span class='ocrx_word' id='word_1_152' title='bbox 2875 1975 3096 2017; x_wconf 89' lang='lat' dir='ltr'>canon.</span> <span class='ocrx_word' id='word_1_153' title='bbox 3141 1974 3212 2016; x_wconf 82' lang='lat' dir='ltr'>eo</span> 
     </span>
     <span class='ocr_line' id='line_1_16' title="bbox 558 2057 3304 2140; baseline 0 -16"><span class='ocrx_word' id='word_1_154' title='bbox 558 2057 738 2125; x_wconf 89' lang='lat' dir='ltr'>titulo</span> <span class='ocrx_word' id='word_1_155' title='bbox 785 2058 945 2123; x_wconf 89' lang='lat' dir='ltr'>libro</span> <span class='ocrx_word' id='word_1_156' title='bbox 996 2068 1031 2125; x_wconf 84' lang='lat'>6</span> <span class='ocrx_word' id='word_1_157' title='bbox 1062 2061 1131 2140; x_wconf 64' lang='grc' dir='ltr'>Β).</span> <span class='ocrx_word' id='word_1_158' title='bbox 3236 2073 3304 2125; x_wconf 81' lang='lat'>15</span> 
     </span>
    </p>

    <p class='ocr_par' dir='ltr' id='par_1_5' title="bbox 558 2166 3313 3862">
     <span class='ocr_line' id='line_1_17' title="bbox 739 2166 3212 2233; baseline 0 -3"><span class='ocrx_word' id='word_1_159' title='bbox 739 2166 1184 2230; x_wconf 82' lang='lat' dir='ltr'>Benefitiorum</span> <span class='ocrx_word' id='word_1_160' title='bbox 1232 2169 1420 2230; x_wconf 86' lang='lat' dir='ltr'>etiam</span> <span class='ocrx_word' id='word_1_161' title='bbox 1477 2166 1713 2232; x_wconf 87' lang='lat' dir='ltr'>fiebant</span> <span class='ocrx_word' id='word_1_162' title='bbox 1775 2169 2038 2232; x_wconf 87' lang='lat' dir='ltr'>uniones</span> <span class='ocrx_word' id='word_1_163' title='bbox 2092 2169 2342 2233; x_wconf 89' lang='lat' dir='ltr'>nonnisi</span> <span class='ocrx_word' id='word_1_164' title='bbox 2396 2190 2478 2232; x_wconf 80' lang='lat' dir='ltr'>ex</span> <span class='ocrx_word' id='word_1_165' title='bbox 2539 2169 2908 2232; x_wconf 87' lang='lat' dir='ltr'>necessitate</span> <span class='ocrx_word' id='word_1_166' title='bbox 2963 2178 3074 2232; x_wconf 89' lang='lat' dir='ltr'>aut</span> <span class='ocrx_word' id='word_1_167' title='bbox 3118 2189 3212 2231; x_wconf 86' lang='lat' dir='ltr'>ec·</span> 
     </span>
     <span class='ocr_line' id='line_1_18' title="bbox 562 2272 3214 2360; baseline 0 -23"><span class='ocrx_word' id='word_1_168' title='bbox 562 2273 890 2338; x_wconf 86' lang='lat' dir='ltr'>clesiarum</span> <span class='ocrx_word' id='word_1_169' title='bbox 927 2272 1210 2352; x_wconf 80' lang='lat' dir='ltr'>utilitate,</span> <span class='ocrx_word' id='word_1_170' title='bbox 1256 2272 1491 2360; x_wconf 87' lang='lat' dir='ltr'>quibus</span> <span class='ocrx_word' id='word_1_171' title='bbox 1524 2273 1776 2339; x_wconf 82' lang='lat' dir='ltr'>casibus</span> <span class='ocrx_word' id='word_1_172' title='bbox 1806 2276 1994 2339; x_wconf 84' lang='lat' dir='ltr'>etiam</span> <span class='ocrx_word' id='word_1_173' title='bbox 2043 2274 2322 2340; x_wconf 81' lang='lat' dir='ltr'>locorum</span> <span class='ocrx_word' id='word_1_174' title='bbox 2356 2275 2656 2339; x_wconf 87' lang='lat' dir='ltr'>ordinarii</span> <span class='ocrx_word' id='word_1_175' title='bbox 2702 2276 2884 2339; x_wconf 88' lang='lat' dir='ltr'>unire</span> <span class='ocrx_word' id='word_1_176' title='bbox 2929 2286 3214 2360; x_wconf 85' lang='lat' dir='ltr'>possunt:</span> 
     </span>
     <span class='ocr_line' id='line_1_19' title="bbox 558 2380 3214 2468; baseline -0 -22"><span class='ocrx_word' id='word_1_177' title='bbox 558 2404 610 2446; x_wconf 90' lang='lat' dir='ltr'>c.</span> <span class='ocrx_word' id='word_1_178' title='bbox 661 2382 822 2444; x_wconf 89' lang='lat' dir='ltr'>sicut</span> <span class='ocrx_word' id='word_1_179' title='bbox 868 2381 1046 2446; x_wconf 89' lang='lat' dir='ltr'>unire</span> <span class='ocrx_word' id='word_1_180' title='bbox 1092 2380 1171 2444; x_wconf 87' lang='lat' dir='ltr'>de</span> <span class='ocrx_word' id='word_1_181' title='bbox 1202 2380 1564 2445; x_wconf 82' lang='lat' dir='ltr'>excessibus</span> <span class='ocrx_word' id='word_1_182' title='bbox 1608 2381 1828 2468; x_wconf 88' lang='lat' dir='ltr'>prelat.</span> <span class='ocrx_word' id='word_1_183' title='bbox 1857 2383 1929 2464; x_wconf 76' lang='lat'>⁹).</span> <span class='ocrx_word' id='word_1_184' title='bbox 2001 2383 2379 2447; x_wconf 89' lang='lat' dir='ltr'>recentiores</span> <span class='ocrx_word' id='word_1_185' title='bbox 2426 2392 2661 2465; x_wconf 86' lang='lat' dir='ltr'>autem,</span> <span class='ocrx_word' id='word_1_186' title='bbox 2708 2381 2874 2468; x_wconf 90' lang='lat' dir='ltr'>quod</span> <span class='ocrx_word' id='word_1_187' title='bbox 2926 2381 3006 2445; x_wconf 83' lang='lat' dir='ltr'>ad</span> <span class='ocrx_word' id='word_1_188' title='bbox 3056 2380 3214 2445; x_wconf 70' lang='lat' dir='ltr'>utili-</span> 
     </span>
     <span class='ocr_line' id='line_1_20' title="bbox 558 2486 3217 2570; baseline -0 -17"><span class='ocrx_word' id='word_1_189' title='bbox 558 2498 752 2553; x_wconf 85' lang='lat' dir='ltr'>tatem</span> <span class='ocrx_word' id='word_1_190' title='bbox 815 2486 912 2551; x_wconf 79' lang='lat' dir='ltr'>vel</span> <span class='ocrx_word' id='word_1_191' title='bbox 973 2490 1405 2552; x_wconf 83' lang='lat' dir='ltr'>necessitatem</span> <span class='ocrx_word' id='word_1_192' title='bbox 1465 2488 1874 2554; x_wconf 86' lang='lat' dir='ltr'>ecclesiarum</span> <span class='ocrx_word' id='word_1_193' title='bbox 1934 2499 1996 2553; x_wconf 91' lang='lat' dir='ltr'>et</span> <span class='ocrx_word' id='word_1_194' title='bbox 2055 2487 2450 2554; x_wconf 89' lang='lat' dir='ltr'>subditorum</span> <span class='ocrx_word' id='word_1_195' title='bbox 2510 2501 2647 2554; x_wconf 89' lang='lat' dir='ltr'>erat</span> <span class='ocrx_word' id='word_1_196' title='bbox 2702 2487 3068 2570; x_wconf 87' lang='lat' dir='ltr'>inductum,</span> <span class='ocrx_word' id='word_1_197' title='bbox 3135 2489 3217 2552; x_wconf 79' lang='lat' dir='ltr'>ad</span> 
     </span>
     <span class='ocr_line' id='line_1_21' title="bbox 559 2586 3307 2684; baseline 0 -23"><span class='ocrx_word' id='word_1_198' title='bbox 559 2597 875 2684; x_wconf 85' lang='lat' dir='ltr'>privatum</span> <span class='ocrx_word' id='word_1_199' title='bbox 928 2595 1261 2661; x_wconf 88' lang='lat' dir='ltr'>comodum</span> <span class='ocrx_word' id='word_1_200' title='bbox 1308 2594 1709 2680; x_wconf 89' lang='lat' dir='ltr'>transtulere,</span> <span class='ocrx_word' id='word_1_201' title='bbox 1757 2596 1921 2662; x_wconf 89' lang='lat' dir='ltr'>datis</span> <span class='ocrx_word' id='word_1_202' title='bbox 1968 2596 2290 2663; x_wconf 90' lang='lat' dir='ltr'>comendis</span> <span class='ocrx_word' id='word_1_203' title='bbox 2335 2604 2398 2663; x_wconf 90' lang='lat' dir='ltr'>et</span> <span class='ocrx_word' id='word_1_204' title='bbox 2442 2595 2779 2662; x_wconf 89' lang='lat' dir='ltr'>unionibus</span> <span class='ocrx_word' id='word_1_205' title='bbox 2823 2598 2889 2661; x_wconf 91' lang='lat' dir='ltr'>in</span> <span class='ocrx_word' id='word_1_206' title='bbox 2931 2586 3307 2662; x_wconf 65' lang='lat' dir='ltr'>&#39;fraudemeo</span> 
     </span>
     <span class='ocr_line' id='line_1_22' title="bbox 560 2701 3218 2791; baseline -0 -23"><span class='ocrx_word' id='word_1_207' title='bbox 560 2701 1164 2789; x_wconf 85' lang='lat' dir='ltr'>incompatibilitatis</span> <span class='ocrx_word' id='word_1_208' title='bbox 1209 2713 1271 2767; x_wconf 90' lang='lat' dir='ltr'>et</span> <span class='ocrx_word' id='word_1_209' title='bbox 1317 2703 1602 2768; x_wconf 87' lang='lat' dir='ltr'>defectus</span> <span class='ocrx_word' id='word_1_210' title='bbox 1659 2706 1859 2769; x_wconf 87' lang='lat' dir='ltr'>etatis.</span> <span class='ocrx_word' id='word_1_211' title='bbox 1950 2703 2178 2790; x_wconf 90' lang='lat' dir='ltr'>quibus</span> <span class='ocrx_word' id='word_1_212' title='bbox 2223 2706 2388 2768; x_wconf 86' lang='lat' dir='ltr'>enim</span> <span class='ocrx_word' id='word_1_213' title='bbox 2451 2727 2564 2791; x_wconf 90' lang='lat' dir='ltr'>per</span> <span class='ocrx_word' id='word_1_214' title='bbox 2607 2713 2838 2768; x_wconf 85' lang='lat' dir='ltr'>etatem</span> <span class='ocrx_word' id='word_1_215' title='bbox 2898 2726 3027 2769; x_wconf 89' lang='lat' dir='ltr'>non</span> <span class='ocrx_word' id='word_1_216' title='bbox 3071 2703 3218 2769; x_wconf 86' lang='lat' dir='ltr'>licet</span> 
     </span>
     <span class='ocr_line' id='line_1_23' title="bbox 562 2809 3216 2898; baseline 0 -23"><span class='ocrx_word' id='word_1_217' title='bbox 562 2819 783 2875; x_wconf 88' lang='lat' dir='ltr'>curata</span> <span class='ocrx_word' id='word_1_218' title='bbox 844 2809 1137 2875; x_wconf 87' lang='lat' dir='ltr'>benefitia</span> <span class='ocrx_word' id='word_1_219' title='bbox 1195 2809 1510 2892; x_wconf 90' lang='lat' dir='ltr'>obtinere,</span> <span class='ocrx_word' id='word_1_220' title='bbox 1571 2810 1667 2875; x_wconf 91' lang='lat' dir='ltr'>his</span> <span class='ocrx_word' id='word_1_221' title='bbox 1725 2811 2225 2895; x_wconf 81' lang='lat' dir='ltr'>comendantur3</span> <span class='ocrx_word' id='word_1_222' title='bbox 2294 2820 2359 2876; x_wconf 90' lang='lat' dir='ltr'>et</span> <span class='ocrx_word' id='word_1_223' title='bbox 2421 2814 2529 2898; x_wconf 88' lang='lat' dir='ltr'>qui</span> <span class='ocrx_word' id='word_1_224' title='bbox 2593 2834 2704 2898; x_wconf 85' lang='lat' dir='ltr'>per</span> <span class='ocrx_word' id='word_1_225' title='bbox 2747 2809 3216 2876; x_wconf 83' lang='lat' dir='ltr'>imbecilitatem</span> 
     </span>
     <span class='ocr_line' id='line_1_24' title="bbox 560 2917 3220 3006; baseline -0 -23"><span class='ocrx_word' id='word_1_226' title='bbox 560 2921 742 2984; x_wconf 87' lang='lat' dir='ltr'>etatis</span> <span class='ocrx_word' id='word_1_227' title='bbox 788 2940 853 2982; x_wconf 90' lang='lat' dir='ltr'>se</span> <span class='ocrx_word' id='word_1_228' title='bbox 911 2920 1079 3004; x_wconf 88' lang='lat' dir='ltr'>ipsos</span> <span class='ocrx_word' id='word_1_229' title='bbox 1126 2940 1341 3003; x_wconf 88' lang='lat' dir='ltr'>regere</span> <span class='ocrx_word' id='word_1_230' title='bbox 1388 2930 1736 3005; x_wconf 88' lang='lat' dir='ltr'>nequeunt,</span> <span class='ocrx_word' id='word_1_231' title='bbox 1804 2917 1942 2983; x_wconf 85' lang='lat' dir='ltr'>aliis</span> <span class='ocrx_word' id='word_1_232' title='bbox 1987 2919 2417 3006; x_wconf 88' lang='lat' dir='ltr'>preficiuntur.</span> <span class='ocrx_word' id='word_1_233' title='bbox 2511 2918 2630 2984; x_wconf 91' lang='lat' dir='ltr'>sub</span> <span class='ocrx_word' id='word_1_234' title='bbox 2680 2919 2984 2984; x_wconf 88' lang='lat' dir='ltr'>comende</span> <span class='ocrx_word' id='word_1_235' title='bbox 3031 2919 3220 2982; x_wconf 85' lang='lat' dir='ltr'>etiam</span> 
     </span>
     <span class='ocr_line' id='line_1_25' title="bbox 561 3024 3221 3112; baseline -0.001 -20"><span class='ocrx_word' id='word_1_236' title='bbox 561 3036 624 3092; x_wconf 92' lang='lat' dir='ltr'>et</span> <span class='ocrx_word' id='word_1_237' title='bbox 689 3026 937 3091; x_wconf 90' lang='lat' dir='ltr'>unionis</span> <span class='ocrx_word' id='word_1_238' title='bbox 1006 3025 1088 3089; x_wconf 84' lang='lat' dir='ltr'>ad</span> <span class='ocrx_word' id='word_1_239' title='bbox 1160 3026 1357 3088; x_wconf 86' lang='lat' dir='ltr'>vitam</span> <span class='ocrx_word' id='word_1_240' title='bbox 1418 3024 1597 3089; x_wconf 84' lang='lat' dir='ltr'>titulo</span> <span class='ocrx_word' id='word_1_241' title='bbox 1657 3027 1800 3112; x_wconf 90' lang='lat' dir='ltr'>quis</span> <span class='ocrx_word' id='word_1_242' title='bbox 1867 3027 2196 3090; x_wconf 87' lang='lat' dir='ltr'>innumera</span> <span class='ocrx_word' id='word_1_243' title='bbox 2265 3025 2510 3092; x_wconf 89' lang='lat' dir='ltr'>obtinet</span> <span class='ocrx_word' id='word_1_244' title='bbox 2566 3025 2864 3091; x_wconf 85' lang='lat' dir='ltr'>benefitia</span> <span class='ocrx_word' id='word_1_245' title='bbox 2933 3047 3221 3112; x_wconf 88' lang='lat' dir='ltr'>unusque</span> 
     </span>
     <span class='ocr_line' id='line_1_26' title="bbox 563 3132 3313 3219; baseline 0.001 -23"><span class='ocrx_word' id='word_1_246' title='bbox 563 3132 979 3219; x_wconf 86' lang='lat' dir='ltr'>plurimorum</span> <span class='ocrx_word' id='word_1_247' title='bbox 1028 3142 1305 3218; x_wconf 88' lang='lat' dir='ltr'>occupat</span> <span class='ocrx_word' id='word_1_248' title='bbox 1350 3132 1678 3219; x_wconf 87' lang='lat' dir='ltr'>stipendia,</span> <span class='ocrx_word' id='word_1_249' title='bbox 1727 3155 1872 3197; x_wconf 91' lang='lat' dir='ltr'>cum</span> <span class='ocrx_word' id='word_1_250' title='bbox 1919 3132 2079 3198; x_wconf 90' lang='lat' dir='ltr'>forte</span> <span class='ocrx_word' id='word_1_251' title='bbox 2123 3135 2236 3197; x_wconf 84' lang='lat' dir='ltr'>vix</span> <span class='ocrx_word' id='word_1_252' title='bbox 2283 3157 2480 3199; x_wconf 91' lang='lat' dir='ltr'>unum</span> <span class='ocrx_word' id='word_1_253' title='bbox 2526 3133 2790 3219; x_wconf 88' lang='lat' dir='ltr'>implere</span> <span class='ocrx_word' id='word_1_254' title='bbox 2835 3145 3045 3219; x_wconf 88' lang='lat' dir='ltr'>posset</span> <span class='ocrx_word' id='word_1_255' title='bbox 3088 3133 3313 3198; x_wconf 73' lang='lat' dir='ltr'>osii-25</span> 
     </span>
     <span class='ocr_line' id='line_1_27' title="bbox 562 3238 3224 3328; baseline 0 -26"><span class='ocrx_word' id='word_1_256' title='bbox 562 3242 739 3322; x_wconf 90' lang='lat' dir='ltr'>tium,</span> <span class='ocrx_word' id='word_1_257' title='bbox 786 3247 858 3303; x_wconf 89' lang='lat' dir='ltr'>ut</span> <span class='ocrx_word' id='word_1_258' title='bbox 915 3238 1067 3303; x_wconf 88' lang='lat' dir='ltr'>dicit</span> <span class='ocrx_word' id='word_1_259' title='bbox 1124 3249 1248 3302; x_wconf 87' lang='lat' dir='ltr'>tex.</span> <span class='ocrx_word' id='word_1_260' title='bbox 1310 3241 1376 3302; x_wconf 93' lang='lat' dir='ltr'>in</span> <span class='ocrx_word' id='word_1_261' title='bbox 1422 3262 1472 3303; x_wconf 90' lang='lat' dir='ltr'>c.</span> <span class='ocrx_word' id='word_1_262' title='bbox 1535 3241 1684 3326; x_wconf 86' lang='lat' dir='ltr'>quia</span> <span class='ocrx_word' id='word_1_263' title='bbox 1739 3238 2024 3305; x_wconf 85' lang='lat' dir='ltr'>nonnulli</span> <span class='ocrx_word' id='word_1_264' title='bbox 2085 3239 2163 3304; x_wconf 88' lang='lat' dir='ltr'>de</span> <span class='ocrx_word' id='word_1_265' title='bbox 2221 3238 2586 3326; x_wconf 87' lang='lat' dir='ltr'>preben.¹⁰).</span> <span class='ocrx_word' id='word_1_266' title='bbox 2679 3241 2789 3328; x_wconf 90' lang='lat' dir='ltr'>qui</span> <span class='ocrx_word' id='word_1_267' title='bbox 2848 3239 3086 3305; x_wconf 88' lang='lat' dir='ltr'>abusus</span> <span class='ocrx_word' id='word_1_268' title='bbox 3129 3239 3224 3304; x_wconf 91' lang='lat' dir='ltr'>his</span> 
     </span>
     <span class='ocr_line' id='line_1_28' title="bbox 564 3344 3224 3433; baseline 0 -24"><span class='ocrx_word' id='word_1_269' title='bbox 564 3344 832 3433; x_wconf 88' lang='lat' dir='ltr'>querelis</span> <span class='ocrx_word' id='word_1_270' title='bbox 877 3344 1082 3411; x_wconf 91' lang='lat' dir='ltr'>locum</span> <span class='ocrx_word' id='word_1_271' title='bbox 1130 3344 1319 3410; x_wconf 89' lang='lat' dir='ltr'>dedit.</span> <span class='ocrx_word' id='word_1_272' title='bbox 1368 3346 1449 3410; x_wconf 83' lang='lat' dir='ltr'>ad</span> <span class='ocrx_word' id='word_1_273' title='bbox 1501 3370 1687 3433; x_wconf 90' lang='lat' dir='ltr'>quem</span> <span class='ocrx_word' id='word_1_274' title='bbox 1736 3345 2082 3413; x_wconf 88' lang='lat' dir='ltr'>tollendum</span> <span class='ocrx_word' id='word_1_275' title='bbox 2126 3355 2336 3433; x_wconf 89' lang='lat' dir='ltr'>posset</span> <span class='ocrx_word' id='word_1_276' title='bbox 2382 3348 2608 3412; x_wconf 64' lang='lat' dir='ltr'>Sanmm‘</span> <span class='ocrx_word' id='word_1_277' title='bbox 2640 3347 2960 3412; x_wconf 91' lang='lat' dir='ltr'>Dominus</span> <span class='ocrx_word' id='word_1_278' title='bbox 2999 3346 3224 3412; x_wconf 85' lang='lat' dir='ltr'>Noster</span> 
     </span>
     <span class='ocr_line' id='line_1_29' title="bbox 564 3452 3222 3540; baseline -0 -23"><span class='ocrx_word' id='word_1_279' title='bbox 564 3454 1005 3517; x_wconf 88' lang='lat' dir='ltr'>constitutione</span> <span class='ocrx_word' id='word_1_280' title='bbox 1055 3475 1283 3517; x_wconf 79' lang='lat' dir='ltr'>cavere</span> <span class='ocrx_word' id='word_1_281' title='bbox 1329 3452 1429 3517; x_wconf 87' lang='lat' dir='ltr'>vel</span> <span class='ocrx_word' id='word_1_282' title='bbox 1475 3455 1685 3538; x_wconf 91' lang='lat' dir='ltr'>potius</span> <span class='ocrx_word' id='word_1_283' title='bbox 1731 3454 2066 3540; x_wconf 87' lang='lat' dir='ltr'>providere</span> <span class='ocrx_word' id='word_1_284' title='bbox 2114 3464 2184 3519; x_wconf 88' lang='lat' dir='ltr'>ut</span> <span class='ocrx_word' id='word_1_285' title='bbox 2230 3453 2432 3518; x_wconf 85' lang='lat' dir='ltr'>ultimi</span> <span class='ocrx_word' id='word_1_286' title='bbox 2478 3452 2926 3521; x_wconf 85' lang='lat' dir='ltr'>Lateranensis</span> <span class='ocrx_word' id='word_1_287' title='bbox 2975 3452 3222 3517; x_wconf 89' lang='lat' dir='ltr'>concilii</span> 
     </span>
     <span class='ocr_line' id='line_1_30' title="bbox 567 3560 3225 3649; baseline 0 -26"><span class='ocrx_word' id='word_1_288' title='bbox 567 3560 927 3625; x_wconf 84' lang='lat' dir='ltr'>constitutio</span> <span class='ocrx_word' id='word_1_289' title='bbox 967 3570 1270 3642; x_wconf 82' lang='lat' dir='ltr'>servetur,</span> <span class='ocrx_word' id='word_1_290' title='bbox 1301 3582 1429 3647; x_wconf 88' lang='lat' dir='ltr'>qua</span> <span class='ocrx_word' id='word_1_291' title='bbox 1458 3570 1624 3625; x_wconf 91' lang='lat' dir='ltr'>recte</span> <span class='ocrx_word' id='word_1_292' title='bbox 1656 3572 1913 3626; x_wconf 88' lang='lat' dir='ltr'>cautum</span> <span class='ocrx_word' id='word_1_293' title='bbox 1945 3561 2065 3626; x_wconf 87' lang='lat' dir='ltr'>fuit</span> <span class='ocrx_word' id='word_1_294' title='bbox 2107 3560 2462 3649; x_wconf 88' lang='lat' dir='ltr'>hujusmodi</span> <span class='ocrx_word' id='word_1_295' title='bbox 2496 3561 2839 3625; x_wconf 82' lang='lat' dir='ltr'>comendas</span> <span class='ocrx_word' id='word_1_296' title='bbox 2869 3572 2935 3625; x_wconf 89' lang='lat' dir='ltr'>et</span> <span class='ocrx_word' id='word_1_297' title='bbox 2967 3563 3225 3625; x_wconf 82' lang='lat' dir='ltr'>uniones</span> 
     </span>
     <span class='ocr_line' id='line_1_31' title="bbox 565 3665 3313 3755; baseline 0.001 -24"><span class='ocrx_word' id='word_1_298' title='bbox 565 3666 1004 3733; x_wconf 88' lang='lat' dir='ltr'>benefitiorum</span> <span class='ocrx_word' id='word_1_299' title='bbox 1066 3665 1713 3753; x_wconf 84' lang='lat' dir='ltr'>incompatibilitatem</span> <span class='ocrx_word' id='word_1_300' title='bbox 1774 3690 1898 3734; x_wconf 92' lang='lat' dir='ltr'>non</span> <span class='ocrx_word' id='word_1_301' title='bbox 1960 3667 2205 3751; x_wconf 83' lang='lat' dir='ltr'>tollere,</span> <span class='ocrx_word' id='word_1_302' title='bbox 2265 3667 2571 3755; x_wconf 85' lang='lat' dir='ltr'>pluraque</span> <span class='ocrx_word' id='word_1_303' title='bbox 2633 3667 2993 3733; x_wconf 85' lang='lat' dir='ltr'>obtinentes</span> <span class='ocrx_word' id='word_1_304' title='bbox 3037 3673 3313 3755; x_wconf 59' lang='lat' dir='ltr'>juxtam)</span> 
     </span>
     <span class='ocr_line' id='line_1_32' title="bbox 566 3773 2394 3862; baseline 0.001 -24"><span class='ocrx_word' id='word_1_305' title='bbox 566 3774 732 3840; x_wconf 87' lang='lat' dir='ltr'>illius</span> <span class='ocrx_word' id='word_1_306' title='bbox 777 3773 1011 3840; x_wconf 84' lang='lat' dir='ltr'>decreti</span> <span class='ocrx_word' id='word_1_307' title='bbox 1060 3784 1339 3840; x_wconf 86' lang='lat' dir='ltr'>tenorem</span> <span class='ocrx_word' id='word_1_308' title='bbox 1387 3773 1469 3838; x_wconf 88' lang='lat' dir='ltr'>ad</span> <span class='ocrx_word' id='word_1_309' title='bbox 1516 3776 1960 3841; x_wconf 86' lang='lat' dir='ltr'>dimittendum</span> <span class='ocrx_word' id='word_1_310' title='bbox 2006 3775 2394 3862; x_wconf 88' lang='lat' dir='ltr'>compellere.</span> 
     </span>
    </p>
   </div>
   <div class='ocr_carea' id='block_1_4' title="bbox 698 3955 3320 4827">
    <p class='ocr_par' dir='ltr' id='par_1_6' title="bbox 718 3955 2307 4010">
     <span class='ocr_line' id='line_1_33' title="bbox 718 3955 2307 4010; baseline -0.001 -1"><span class='ocrx_word' id='word_1_311' title='bbox 718 3956 752 4009; x_wconf 72' lang='lat'>¹}</span> <span class='ocrx_word' id='word_1_312' title='bbox 790 3955 917 4008; x_wconf 67' lang='lat' dir='ltr'>Sic!</span> <span class='ocrx_word' id='word_1_313' title='bbox 954 3955 1139 4010; x_wconf 82' lang='lat' dir='ltr'>Psalm</span> <span class='ocrx_word' id='word_1_314' title='bbox 1176 3959 1279 4007; x_wconf 74' lang='lat'>108</span> <span class='ocrx_word' id='word_1_315' title='bbox 1315 3955 1414 4008; x_wconf 75' lang='lat' dir='ltr'>hat</span> <span class='ocrx_word' id='word_1_316' title='bbox 1452 3956 1611 4008; x_wconf 75' lang='lat' dir='ltr'>einen</span> <span class='ocrx_word' id='word_1_317' title='bbox 1648 3956 2060 4009; x_wconf 74' lang='lat' dir='ltr'>abweiehenden</span> <span class='ocrx_word' id='word_1_318' title='bbox 2099 3956 2307 4009; x_wconf 70' lang='lat' dir='ltr'>Inlmle.</span> 
     </span>
    </p>

    <p class='ocr_par' dir='ltr' id='par_1_7' title="bbox 713 4043 1247 4107">
     <span class='ocr_line' id='line_1_34' title="bbox 713 4043 1247 4107; baseline -0.006 -9"><span class='ocrx_word' id='word_1_319' title='bbox 713 4045 752 4107; x_wconf 72' lang='lat'>¹²)</span> <span class='ocrx_word' id='word_1_320' title='bbox 796 4047 914 4098; x_wconf 82' lang='lat' dir='ltr'>Act.</span> <span class='ocrx_word' id='word_1_321' title='bbox 954 4049 984 4096; x_wconf 88' lang='lat'><em>1</em></span> <span class='ocrx_word' id='word_1_322' title='bbox 1022 4061 1067 4095; x_wconf 70' lang='lat' dir='ltr'>r.</span> <span class='ocrx_word' id='word_1_323' title='bbox 1110 4043 1247 4107; x_wconf 80' lang='lat' dir='ltr'>16ff.</span> 
     </span>
    </p>

    <p class='ocr_par' dir='ltr' id='par_1_8' title="bbox 714 4133 1436 4189">
     <span class='ocr_line' id='line_1_35' title="bbox 714 4133 1436 4189; baseline -0.004 0"><span class='ocrx_word' id='word_1_324' title='bbox 714 4134 752 4189; x_wconf 75' lang='lat'>³)</span> <span class='ocrx_word' id='word_1_325' title='bbox 791 4134 892 4187; x_wconf 67' lang='grc' dir='ltr'>Ευ.</span> <span class='ocrx_word' id='word_1_326' title='bbox 932 4133 1112 4188; x_wconf 65' lang='lat' dir='ltr'>Malla.</span> <span class='ocrx_word' id='word_1_327' title='bbox 1152 4137 1225 4186; x_wconf 79' lang='lat'>21</span> <span class='ocrx_word' id='word_1_328' title='bbox 1264 4150 1310 4186; x_wconf 73' lang='lat' dir='ltr'>v.</span> <span class='ocrx_word' id='word_1_329' title='bbox 1352 4137 1436 4186; x_wconf 73' lang='lat'>41.</span> 
     </span>
    </p>

    <p class='ocr_par' dir='ltr' id='par_1_9' title="bbox 710 4224 3316 4367">
     <span class='ocr_line' id='line_1_36' title="bbox 710 4224 3316 4277; baseline -0.003 -2"><span class='ocrx_word' id='word_1_330' title='bbox 710 4224 752 4275; x_wconf 66' lang='grc' dir='ltr'>*ι</span> <span class='ocrx_word' id='word_1_331' title='bbox 792 4224 897 4277; x_wconf 80' lang='lat' dir='ltr'>Ev.</span> <span class='ocrx_word' id='word_1_332' title='bbox 938 4225 1116 4277; x_wconf 78' lang='lat' dir='ltr'>Marc.</span> <span class='ocrx_word' id='word_1_333' title='bbox 1158 4227 1227 4276; x_wconf 72' lang='lat'>12</span> <span class='ocrx_word' id='word_1_334' title='bbox 1264 4242 1305 4277; x_wconf 76' lang='lat' dir='ltr'>v.</span> <span class='ocrx_word' id='word_1_335' title='bbox 1347 4228 1396 4277; x_wconf 83' lang='lat'>9.</span> <span class='ocrx_word' id='word_1_336' title='bbox 3243 4225 3316 4277; x_wconf 76' lang='lat'>35</span> 
     </span>
     <span class='ocr_line' id='line_1_37' title="bbox 714 4313 1387 4367; baseline -0.003 0"><span class='ocrx_word' id='word_1_337' title='bbox 714 4313 753 4367; x_wconf 66' lang='grc' dir='ltr'>ὖ)</span> <span class='ocrx_word' id='word_1_338' title='bbox 790 4313 898 4367; x_wconf 78' lang='grc' dir='ltr'>Ευ.</span> <span class='ocrx_word' id='word_1_339' title='bbox 937 4314 1075 4367; x_wconf 75' lang='lat' dir='ltr'>Luc.</span> <span class='ocrx_word' id='word_1_340' title='bbox 1114 4317 1181 4365; x_wconf 86' lang='lat'>19</span> <span class='ocrx_word' id='word_1_341' title='bbox 1222 4330 1262 4366; x_wconf 73' lang='grc' dir='ltr'>υ.</span> <span class='ocrx_word' id='word_1_342' title='bbox 1302 4315 1387 4365; x_wconf 76' lang='grc'>24.</span> 
     </span>
    </p>

    <p class='ocr_par' dir='ltr' id='par_1_10' title="bbox 713 4402 1543 4467">
     <span class='ocr_line' id='line_1_38' title="bbox 713 4402 1543 4467; baseline -0.004 -10"><span class='ocrx_word' id='word_1_343' title='bbox 713 4403 755 4467; x_wconf 72' lang='grc'>“)</span> <span class='ocrx_word' id='word_1_344' title='bbox 792 4404 938 4457; x_wconf 75' lang='lat' dir='ltr'>Sext.</span> <span class='ocrx_word' id='word_1_345' title='bbox 980 4403 1070 4456; x_wconf 72' lang='lat' dir='ltr'>lib.</span> <span class='ocrx_word' id='word_1_346' title='bbox 1110 4402 1153 4454; x_wconf 85' lang='lat' dir='ltr'><strong><em>I</em></strong></span> <span class='ocrx_word' id='word_1_347' title='bbox 1182 4403 1269 4455; x_wconf 80' lang='lat' dir='ltr'>tit.</span> <span class='ocrx_word' id='word_1_348' title='bbox 1310 4406 1345 4454; x_wconf 85' lang='lat'><strong><em>6</em></strong></span> <span class='ocrx_word' id='word_1_349' title='bbox 1381 4421 1423 4455; x_wconf 82' lang='lat' dir='ltr'>c.</span> <span class='ocrx_word' id='word_1_350' title='bbox 1464 4405 1543 4455; x_wconf 83' lang='lat'>15.</span> 
     </span>
    </p>

    <p class='ocr_par' dir='ltr' id='par_1_11' title="bbox 713 4490 1355 4558">
     <span class='ocr_line' id='line_1_39' title="bbox 713 4490 1355 4558; baseline -0.006 -10"><span class='ocrx_word' id='word_1_351' title='bbox 713 4490 754 4558; x_wconf 81' lang='lat'>⁷)</span> <span class='ocrx_word' id='word_1_352' title='bbox 794 4493 918 4547; x_wconf 79' lang='lat' dir='ltr'>Lib.</span> <span class='ocrx_word' id='word_1_353' title='bbox 959 4492 1001 4546; x_wconf 92' lang='lat' dir='ltr'><strong><em>I</em></strong></span> <span class='ocrx_word' id='word_1_354' title='bbox 1029 4492 1111 4546; x_wconf 75' lang='lat' dir='ltr'>tit.</span> <span class='ocrx_word' id='word_1_355' title='bbox 1150 4496 1186 4545; x_wconf 86' lang='lat'><strong><em>6</em></strong></span> <span class='ocrx_word' id='word_1_356' title='bbox 1222 4508 1265 4546; x_wconf 84' lang='lat' dir='ltr'>e.</span> <span class='ocrx_word' id='word_1_357' title='bbox 1307 4495 1355 4545; x_wconf 85' lang='lat'>7.</span> 
     </span>
    </p>

    <p class='ocr_par' dir='ltr' id='par_1_12' title="bbox 713 4581 1545 4649">
     <span class='ocr_line' id='line_1_40' title="bbox 713 4581 1545 4649; baseline -0.006 -11"><span class='ocrx_word' id='word_1_358' title='bbox 713 4581 753 4649; x_wconf 78' lang='lat'>⁸)</span> <span class='ocrx_word' id='word_1_359' title='bbox 791 4582 935 4638; x_wconf 74' lang='lat' dir='ltr'>Sext.</span> <span class='ocrx_word' id='word_1_360' title='bbox 975 4582 1065 4636; x_wconf 69' lang='lat' dir='ltr'>lib.</span> <span class='ocrx_word' id='word_1_361' title='bbox 1106 4582 1147 4635; x_wconf 88' lang='lat' dir='ltr'><em>I</em></span> <span class='ocrx_word' id='word_1_362' title='bbox 1178 4582 1266 4636; x_wconf 81' lang='lat' dir='ltr'>tit.</span> <span class='ocrx_word' id='word_1_363' title='bbox 1306 4584 1341 4635; x_wconf 88' lang='lat'><strong><em>6</em></strong></span> <span class='ocrx_word' id='word_1_364' title='bbox 1377 4600 1421 4635; x_wconf 82' lang='lat' dir='ltr'>c.</span> <span class='ocrx_word' id='word_1_365' title='bbox 1461 4584 1545 4634; x_wconf 75' lang='lat'>14.</span> 
     </span>
    </p>

    <p class='ocr_par' dir='ltr' id='par_1_13' title="bbox 698 4670 3320 4827">
     <span class='ocr_line' id='line_1_41' title="bbox 714 4670 3320 4735; baseline -0.004 -10"><span class='ocrx_word' id='word_1_366' title='bbox 714 4670 757 4735; x_wconf 68' lang='lat'>⁹)</span> <span class='ocrx_word' id='word_1_367' title='bbox 794 4672 919 4725; x_wconf 70' lang='lat' dir='ltr'>Lib.</span> <span class='ocrx_word' id='word_1_368' title='bbox 970 4670 1021 4724; x_wconf 89' lang='lat' dir='ltr'><strong><em>V</em></strong></span> <span class='ocrx_word' id='word_1_369' title='bbox 1050 4673 1136 4724; x_wconf 72' lang='lat' dir='ltr'>tit.</span> <span class='ocrx_word' id='word_1_370' title='bbox 1175 4676 1241 4725; x_wconf 80' lang='lat'>31</span> <span class='ocrx_word' id='word_1_371' title='bbox 1278 4688 1320 4724; x_wconf 86' lang='lat' dir='ltr'>c.</span> <span class='ocrx_word' id='word_1_372' title='bbox 1362 4674 1413 4724; x_wconf 84' lang='grc'>8.</span> <span class='ocrx_word' id='word_1_373' title='bbox 3249 4674 3320 4725; x_wconf 72' lang='lat'>40</span> 
     </span>
     <span class='ocr_line' id='line_1_42' title="bbox 698 4759 1369 4827; baseline -0.001 -14"><span class='ocrx_word' id='word_1_374' title='bbox 698 4759 761 4827; x_wconf 72' lang='lat'>¹⁰)</span> <span class='ocrx_word' id='word_1_375' title='bbox 801 4760 1011 4814; x_wconf 71' lang='lat' dir='ltr'>Fmdet</span> <span class='ocrx_word' id='word_1_376' title='bbox 1047 4760 1163 4813; x_wconf 61' lang='lat' dir='ltr'>sich</span> <span class='ocrx_word' id='word_1_377' title='bbox 1202 4759 1369 4813; x_wconf 75' lang='lat' dir='ltr'>nicht.</span> 
     </span>
    </p>
   </div>
  </div>
 </body>
</html>
