3500 5300
1277 389 1375 442 No.
1415 389 1545 442 243:
1586 389 1724 443 1536
1762 406 1804 442 c.
1843 389 1965 443 Mai.
2850 388 2954 448 587

276 582 539 647 heretici
587 582 797 648 hanno
845 585 1145 648 suscitato
1191 583 1257 648 di
1306 584 1519 649 novo?
1609 584 1842 671 perche
1888 584 2185 671 adunque
2246 606 2372 648 non
2420 585 2470 647 ei
2518 584 2755 670 prende
2801 584 2956 648 hora
3011 588 3187 668 1536,

274 711 457 754 611116
504 698 727 754 contra
771 689 838 755 di
883 688 1062 755 loro?
1157 714 1224 755 66
1270 690 1334 754 di
1383 691 1480 756 cio
1527 714 1606 755 nc
1655 694 1799 756 6616
1829 690 2216 756 domandato
2264 689 2664 777 l’imperator‚
2712 692 2952 777 rispon-
2976 674 3018 711 ⁶·
3059 658 3184 711 Μαι

274 795 437 861 deta
483 796 597 862 che
643 796 705 861 la
751 798 1025 884 impl-esa
1086 800 1253 862 saria
1298 797 1555 863 difficile
1602 807 1665 864 et
1711 799 1898 886 piena
1945 798 2009 863 di
2057 796 2331 884 pericolo
2388 805 2450 862 et
2496 798 2562 862 di
2609 820 2848 884 sangue
2893 808 2955 863 et

275 902 397 968 che
442 905 654 991 percio
699 926 824 969 non
873 903 936 968 la
982 912 1220 970 attenta
1279 913 1341 969 et
1403 904 1520 970 che
1584 905 1800 991 percio
1847 928 1926 970 ne
1971 905 2294 971 domanda
2341 928 2424 969 un
2474 904 2756 971 concilio.
2851 928 2954 970 ma

166 1023 206 1073 5
274 1032 345 1076 66
393 1009 549 1075 11016
596 1010 730 1077 Sua
774 1010 1022 1077 Maesta
1067 1010 1149 1075 ha
1196 1012 1454 1098 rispetto
1502 1012 1583 1077 ad
1633 1035 1782 1077 usar
1827 1012 2001 1077 forza
2050 1019 2272 1077 contra
2301 1012 2367 1076 di
2414 1014 2553 1094 essi,
2601 1034 2780 1078 come
2827 1037 2951 1077 non

272 1117 337 1183 10
389 1116 625 1184 havera
684 1117 895 1206 doppo
954 1116 1197 1183 havet-li
1249 1118 1463 1183 veduti
1526 1117 1894 1185 exacerbati
1954 1127 2017 1184 et
2074 1119 2272 1184 haver
2328 1118 2566 1184 havuto
2627 1128 2838 1207 tempo
2886 1121 2948 1185 di

272 1226 432 1292 farsi
478 1227 589 1313 piil
636 1228 877 1314 potenti
924 1235 986 1290 et
1031 1226 1337 1290 stimulati
1386 1226 1469 1290 da
1514 1227 1791 1313 principi
1838 1225 2190 1291 forestieri?
2239 1224 2357 1291 che
2401 1227 2655 1314 quando
2704 1228 2740 1292 ὲ
2782 1235 2951 1292 certo

275 1332 397 1397 6116
441 1332 829 1398 diventanno
877 1335 1025 1419 ogni
1069 1335 1293 1419 giorno
1353 1334 1463 1420 piil
1524 1333 1708 1414 forti,
1776 1332 1990 1396 finche
2061 1355 2184 1397 non
2247 1335 2298 1397 si
2358 1333 2422 1397 fa
2484 1336 2544 1398 in
2609 1334 2817 1399 effetto
2865 1359 2950 1400 un

275 1449 462 1505 santo
525 1441 790 1506 concilio
860 1462 978 1504 con
1049 1439 1219 1503 modi
1280 1451 1343 1503 et
1407 1440 1721 1506 dexterita
1781 1439 1895 1504 che
1958 1462 2293 1524 convenga
2356 1439 2479 1505 alla
2550 1440 2788 1528 qualita
2849 1443 2949 1507 del

178 1562 251 1612 10
272 1555 507 1633 tempo.

459 1654 660 1719 Infine
707 1656 742 1717 ὲ
791 1654 875 1718 da
920 1654 1236 1719 advertite
1285 1652 1401 1717 6116
1450 1654 1551 1718 1161
1600 1663 1859 1719 tratta-to
1915 1653 2029 1718 6116
2078 1656 2130 1718 si
2178 1654 2212 1717 ὲ
2263 1656 2436 1737 fatto,
2484 1657 2518 1719 e
2567 1665 2728 1721 stato
2777 1656 2949 1722 detto

272 1762 360 1828 ad
411 1785 536 1826 uno
584 1761 650 1825 di
696 1762 849 1844 lor0‚
897 1762 1013 1827 che
1061 1763 1096 1826 ὲ
1142 1761 1184 1827 il
1231 1764 1343 1850 pih
1377 1763 1701 1849 pertinace
1747 1770 1810 1826 et
1855 1763 1966 1850 piii
2015 1761 2270 1828 difficile
2317 1764 2377 1827 in
2413 1772 2636 1850 questa
2667 1766 2948 1845 materia,

274 1868 394 1934 che
442 1868 710 1935 volendo
760 1870 1105 1935 volentiera
1152 1878 1213 1934 et
1253 1869 1563 1935 concorde
1598 1891 1714 1934 con
1765 1870 1849 1956 gli
1900 1869 2042 1933 altri
2092 1872 2272 1934 venir
2319 1870 2399 1934 ad
2449 1894 2533 1935 un
2568 1869 2834 1935 concilio
2883 1872 2945 1934 in

274 1976 485 2058 Italia,
533 1975 631 2042 nel
682 1976 947 2042 concilio
996 1978 1237 2042 istesso·
1263 1978 1312 2040 si
1362 1976 1619 2042 haveria
1666 1978 1773 2062 poi
1820 1976 2059 2041 havuto
2107 2000 2142 2039 a
2179 1976 2407 2042 vedere
2440 1976 2502 2040 di
2552 1985 2711 2042 tutte
2744 1977 2948 2066 quelle

176 2099 251 2151 15
273 2107 422 2150 6066
468 2084 583 2150 6116
631 2093 1150 2171 appartenessero
1197 2108 1235 2148 a
1294 2083 1500 2148 finirlo
1564 2086 1680 2148 rite
1740 2095 1802 2147 et
1864 2082 2156 2168 legitime.
2251 2083 2291 2147 il
2354 2083 2467 2148 6116
2527 2086 2576 2148 ai
2628 2087 2660 2146 ὸ
2709 2094 2946 2150 tentato

273 2214 392 2280 per
438 2191 676 2280 poterlo
725 2192 970 2257 condur
1014 2193 1074 2256 al
1123 2190 1260 2256 loco
1308 2192 1469 2256 dove
1515 2193 1565 2254 si
1615 2214 1801 2278 spera
1847 2189 1909 2257 la
1956 2191 2293 2256 concordia
2339 2201 2402 2256 et
2444 2192 2840 2258 considerata
2886 2192 2949 2257 la

272 2322 393 2366 6116
437 2299 707 2364 durezza
756 2309 820 2364 et
864 2301 1162 2386 potentia,
1209 2309 1271 2364 et
1318 2322 1435 2363 con
1484 2297 1902 2387 approbation
1952 2298 2018 2362 di
2065 2297 2245 2363 lettre
2293 2299 2352 2362 di
2403 2298 2634 2364 Nostro
2682 2300 2947 2387 Signore

272 2419 339 2473 et
388 2430 504 2474 con
554 2407 857 2493 consiglio
905 2406 1005 2470 del
1054 2408 1238 2473 Sermo
1286 2429 1353 2470 re
1401 2406 1480 2470 de
1528 2406 1797 2471 Romani
1847 2417 1906 2470 et
1955 2403 2056 2470 del
2104 2406 2228 2470 R¹¹¹⁰
2279 2406 2563 2471 cardinal
2611 2407 2675 2471 di
2708 2407 2946 2473 Trento

273 2527 339 2581 et
383 2539 502 2580 con
549 2513 968 2603 approbation
1005 2514 1282 2579 etiandio
1331 2513 1433 2578 del
1479 2516 1842 2600 imperator,
1890 2513 2005 2578 che
2054 2512 2132 2576 ha
2182 2513 2354 2578 detto
2402 2513 2516 2578 che
2564 2514 2708 2602 quel
2754 2516 2943 2580 modo

178 2622 338 2691 ‘endi
389 2624 684 2711 negociar
728 2645 847 2688 con
896 2620 1039 2710 quel
1104 2620 1406 2688 intelletto
1468 2620 1835 2687 arrabbiato
1899 2620 1936 2684 li
2000 2622 2090 2685 sia
2151 2622 2463 2708 piaciuto‚
2525 2623 2657 2687 cio&
2719 2622 2760 2686 il
2822 2645 2943 2687 non

274 2731 514 2796 havet-li
575 2753 877 2818 expresso
939 2730 1055 2795 che
1114 2730 1237 2816 egli
1298 2732 1391 2793 sia
1456 2753 1569 2817 per
1616 2731 1795 2794 venir
1841 2729 1923 2794 ad
1988 2752 2071 2794 un
2119 2727 2384 2794 concilio
2431 2729 2512 2794 da
2575 2752 2744 2795 esser
2787 2730 2943 2795 fatto

274 2838 627 2903 secundum
689 2838 1209 2904 consuetudinem
1268 2848 1383 2903 etc.
1408 2888 1424 2919 ,
1487 2836 1718 2924 perche
1780 2837 1921 2901 dice
1969 2837 2102 2901 Sua
2149 2835 2395 2901 Maesta
2440 2836 2554 2901 che
2613 2839 2676 2900 in
2725 2844 2943 2923 questo

275 2945 463 3011 modo
511 2947 561 3009 si
610 2948 646 3009 ὸ
693 2946 852 3010 satta
911 2946 1022 3032 pia
1071 2944 1431 3010 dishonesta
1488 2945 1547 3008 la
1598 2967 1792 3009 causa
1852 2968 1963 3009 sua
2013 2953 2076 3008 et
2120 2945 2231 3031 pin
2280 2943 2542 3009 honesta
2591 2943 2797 3031 quella
2844 2944 2941 3009 del

272 3075 485 3141 papa:
557 3055 763 3119 niente
826 3053 889 3118 di
938 3075 1123 3118 meno
1181 3051 1303 3140 egli
1352 3052 1433 3116 ha
1481 3054 1758 3117 ricusato
1819 3051 1881 3117 di
1933 3053 2253 3116 consentir
2313 3058 2374 3115 et
2435 3051 2516 3115 ha
2565 3053 2831 3138 risposto
2881 3053 2942 3114 in

179 3175 255 3227 ‘25
274 3162 574 3226 scrittura
620 3159 735 3225 che
781 3184 820 3225 a
867 3160 990 3225 tale
1048 3159 1314 3225 concilio
1376 3159 1497 3246 egli
1560 3182 1685 3224 non
1748 3162 1786 3223 6
1846 3182 1957 3246 per
2005 3160 2220 3224 venire
2265 3161 2346 3223 ne
2407 3182 2544 3224 esso
2591 3160 2669 3222 ne
2718 3158 2759 3222 li
2808 3160 2941 3222 suoi

273 3267 693 3352 confederati,
753 3267 928 3333 616116
986 3267 1445 3334 consideriamo
1510 3289 1687 3332 come
1737 3267 1774 3331 ὲ
1821 3265 2114 3353 possibile
2161 3266 2276 3329 6116
2322 3265 2641 3351 venghino
2689 3266 2943 3352 quando

275 3376 593 3442 vederano
641 3399 769 3442 una
815 3374 983 3441 bolla
1029 3399 1149 3442 con
1194 3375 1257 3440 la
1304 3374 1589 3441 clausula
1635 3374 1958 3440 antedetta
1989 3376 2055 3455 ¹).

454 3483 563 3548 Ma
610 3482 671 3548 lo
715 3483 927 3571 voglio
972 3492 1248 3572 repeter,
1310 3484 1425 3548 6116
1485 3481 1608 3548 1’110
1665 3483 1839 3547 detto
1887 3482 2140 3570 disopra
2186 3483 2248 3546 in
2298 3504 2384 3546 un
2433 3490 2830 3546 transcorso:
2877 3504 2942 3545 66

274 3592 316 3656 li
364 3592 621 3657 vescovi
668 3599 733 3656 et
776 3590 999 3678 prelati
1047 3614 1276 3657 sarano
1337 3590 1525 3676 quelli
1575 3589 1691 3655 6116
1751 3612 1980 3654 6616110
2028 3589 2325 3655 chiamati
2384 3587 2834 3675 specialmente
2880 3600 2941 3653 et

182 3714 254 3765 30
273 3721 341 3763 66
386 3700 508 3763 6661
553 3696 875 3763 haverano
920 3697 979 3764 le
1023 3699 1167 3763 voci
1198 3697 1527 3781 decimive,
1576 3720 1705 3762 non
1751 3698 1789 3761 ὲ
1835 3696 1918 3762 da
1964 3696 2222 3761 dubitar
2267 3696 2384 3761 che
2429 3718 2559 3762 non
2605 3697 2782 3761 siano
2827 3718 2942 3782 per

272 3805 530 3871 decider
575 3806 849 3871 otiandio
898 3828 1083 3871 cerea
1126 3806 1169 3870 il
1217 3805 1436 3889 mod0‚
1508 3803 1623 3869 6116
1693 3803 1817 3891 egli
1889 3807 1983 3869 sia
2050 3803 2109 3868 lo
2180 3805 2440 3891 antiquo
2510 3813 2568 3868 et
2625 3814 2939 3869 consueto,

272 3912 506 3999 perche
552 3912 850 4001 adunque
896 3914 948 3977 si
984 3911 1084 3977 vol
1133 3912 1291 3977 hora
1320 3912 1420 3976 far
1449 3911 1709 3977 difficile
1756 3911 1816 3975 la
1858 3913 2122 3976 materia
2156 3934 2274 3976 con
2308 3933 2611 3997 expressa
2657 3909 2939 3975 addition

270 4020 335 4085 di
385 4018 600 4108 parole
645 4019 762 4086 6116
810 4027 1220 4108 pretermesse
1267 4042 1393 4084 non
1442 4020 1636 4085 fanno
1684 4019 2086 4107 preiudicio‘?

452 4127 513 4192 A
559 4126 764 4216 quello
811 4126 926 4194 6116
974 4128 1008 4190 ὸ
1056 4135 1220 4192 stato
1266 4127 1472 4209 detto,
1534 4126 1649 4193 che
1696 4150 1937 4192 vorano
1985 4126 2407 4210 declaration,
2470 4148 2648 4190 come
2695 4126 2940 4190 vedano

183 4236 329 4301 351a
379 4233 551 4300 bolla
595 4234 712 4301 che
760 4259 883 4300 non
931 4236 1221 4322 exprima
1270 4234 1430 4300 bene
1477 4235 1521 4299 il
1584 4234 1774 4299 modo
1823 4233 1920 4299 601
1966 4232 2153 4321 quale
2199 4235 2250 4297 si
2297 4233 2377 4297 de
2422 4233 2521 4297 fai·
2564 4232 2605 4298 il
2655 4232 2938 4315 concilio,

270 4342 573 4430 rispondo
621 4342 736 4408 6116
782 4343 819 4408 ὸ
862 4365 1094 4409 11161160
1152 4341 1317 4407 111616
1378 4353 1509 4407 star
1566 4341 1648 4407 ad
1708 4349 1987 4429 aspettar
2048 4339 2162 4405 6116
2220 4341 2387 4405 forse
2446 4339 2506 4404 la
2553 4339 2937 4404 domandino

271 4459 333 4515 et
379 4451 547 4516 forse
592 4473 706 4534 110,
765 4460 828 4516 et
872 4449 1249 4516 dechiarirlo
1297 4451 1401 4536 poi
1462 4449 1750 4533 tandem,
1814 4472 1877 4514 se
1936 4448 2272 4534 bisognera
2318 4457 2381 4513 et
2435 4471 2499 4512 66
2546 4470 2771 4511 sarano
2821 4470 2939 4533 pur

421 4703 459 4766 ¹)
500 4701 622 4755 Das
667 4701 1118 4771 Voraufqehende
1169 4702 1367 4755 bezieht
1418 4703 1530 4755 sich
1589 4701 1688 4754 mol
1734 4700 1849 4766 aus
1892 4699 1980 4752 die
2035 4699 2495 4769 Vcrhandlunyen
2549 4699 2640 4753 dea
2687 4699 2937 4767 I'eryerio

274 4794 369 4847 mit
408 4791 687 4857 Kurfilrst
725 4791 946 4845 Johcnm
990 4791 1281 4845 Friedrich
1326 4808 1425 4843 ron
1467 4790 1723 4845 Sachaen.
