3500 5300
573 338 647 397 98
1402 338 1500 392 Ne.
1543 339 1780 393 15—16:
1820 338 1957 393 1537
1992 337 2195 392 Januar
2233 337 2405 392 1.-4.

379 540 522 589 1537
752 533 903 598 Non
947 535 1255 621 replicare
1302 534 1462 598 altro
1509 556 1548 598 a
1591 532 1680 598 V.
1726 533 1789 596 S.
1838 536 2008 597 circa
2051 533 2096 596 li
2142 537 2266 598 mei
2314 534 2693 620 particolari,
2738 532 3102 599 havendola
3130 535 3232 619 pin

357 608 489 661 ‘¹⁶⁰³‘
532 613 556 661 ¹
579 642 750 705 volte
796 650 1058 726 pregata
1105 643 1159 705 si
1205 641 1396 725 degni
1444 644 1889 720 soccorrermi,
1949 663 2128 705 come
2189 643 2257 704 in
2316 640 2398 705 lei
2445 626 2728 722 confide,
2788 640 3089 706 accioche
3147 643 3233 705 sia

577 750 864 834 provisto
911 770 1038 812 11011
1085 770 1272 812 1110110
1318 748 1376 812 31
1423 746 1659 811 honore
1720 747 1788 811 di
1847 746 1977 812 Sua
2024 746 2273 811 Santita
2328 747 2446 812 che
2492 771 2531 811 a
2575 748 2619 811 li
2664 750 2791 812 mei
2838 747 3120 831 bisogni‚
3176 756 3233 812 et

577 878 762 940 spero
831 853 971 919 ch’a
1039 864 1264 940 questa
1334 854 1488 919 hora
1547 853 1677 918 Sua
1735 852 1987 918 Santita
2054 854 2289 918 havera
2347 854 2499 919 dato
2559 853 2808 939 qualch'
2877 854 3100 919 ordine
3156 854 3231 918 de

577 961 815 1041 danari,
861 984 1051 1025 senza
1095 963 1140 1025 il
1186 961 1352 1047 qual,
1398 961 1694 1026 andando
1735 963 1801 1026 in
1848 962 2042 1026 breve
2076 971 2301 1046 questo
2347 984 2415 1025 re
2462 964 2529 1025 in
2557 960 2887 1040 Bohemia,
2934 963 3016 1040 io,
3060 983 3231 1026 come
3275 968 3305 1022 5

577 1069 688 1153 pin
736 1067 909 1132 volte
955 1067 1038 1132 ho
1086 1070 1339 1147 scritto,
1399 1090 1524 1133 con
1583 1069 1711 1131 mio
1771 1090 1927 1151 gran
1989 1070 2198 1132 carico
2260 1076 2325 1132 et
2369 1066 2725 1154 dispiacere
2772 1073 2917 1133 saro
2965 1068 3231 1132 sforzato

577 1183 779 1238 restat
824 1176 928 1259 qui
977 1198 1016 1238 a
1044 1173 1324 1254 Vienna,
1371 1174 1589 1239 sinche
1622 1197 1829 1259 venga
1861 1174 2051 1238 modo
2083 1174 2147 1239 di
2185 1177 2458 1261 potermi
2504 1174 2716 1241 levare
2762 1174 2912 1240 dall’
2944 1175 3233 1259 alloggia-

578 1291 811 1361 ment0‚
858 1291 922 1345 et
966 1304 1162 1366 prego
1207 1279 1297 1347 V.
1344 1280 1407 1345 S.
1455 1281 1666 1366 voglia
1711 1281 1936 1346 credet
1981 1290 2156 1347 certo
2203 1281 2321 1346 che
2367 1283 2479 1368 pin
2524 1290 2740 1367 praeto
2772 1284 2985 1347 vorria
3032 1304 3231 1347 essere

579 1388 719 1453 fora
765 1388 846 1452 de
893 1387 954 1452 la
999 1390 1135 1452 vita
1181 1387 1301 1453 che
1346 1389 1706 1451 ritrovarmi
1753 1388 1857 1451 nel
1903 1396 2201 1475 presente
2249 1397 2436 1468 stato,
2482 1378 2663 1454 come
2696 1391 2807 1475 pin
2854 1412 2893 1453 a
2936 1389 3125 1473 longo
3154 1388 3231 1451 ho

580 1494 758 1558 detto
805 1495 862 1558 al
896 1494 1190 1580 predetto
1221 1516 1460 1558 messer
1488 1493 1843 1581 Pamphilo,
1890 1495 2161 1559 essendo
2193 1504 2415 1560 contra
2444 1497 2575 1559 mia
2604 1504 2827 1559 natura
2859 1504 2925 1559 et
2956 1505 3231 1560 costume
3254 1498 3308 1551 10

580 1604 857 1666 scrivere
904 1600 985 1665 de
1033 1601 1220 1665 simili
1269 1601 1530 1665 subietti
1578 1609 1645 1666 et
1687 1624 1818 1665 non
1862 1601 2185 1687 possendo
2229 1601 2331 1666 far
2373 1602 2727 1667 altrimente
2774 1625 2893 1689 per
2937 1601 3233 1687 l'urgente

582 1708 834 1772 stimolo
881 1707 962 1772 de
1007 1707 1070 1772 la
1114 1709 1447 1772 necessita.

757 1814 817 1878 11
849 1814 979 1878 ΒΜ
1007 1813 1382 1878 Tridentino
1415 1813 1496 1877 m’
1526 1814 1608 1879 ha
1640 1814 1818 1879 detto
1851 1814 2022 1902 dopo
2054 1815 2115 1879 la
2146 1818 2379 1901 partita
2410 1816 2514 1880 (101
2546 1838 2829 1880 vescovo
2862 1816 3159 1901 Aquense
3195 1819 3233 1895 ¹)

581 1944 709 1986 non
753 1920 987 1986 havere
1033 1924 1159 1985 mai
1219 1921 1458 1986 havuto
1517 1943 1687 1987 nova
1745 1921 1973 1987 alcuna
2017 1920 2102 1986 da
2146 1923 2256 2001 lui,
2303 1924 2493 1988 etiam
2540 1923 2657 1987 che
2703 1923 2976 1988 havesse
3023 1922 3233 1987 ordine

581 2027 664 2092 da
709 2027 839 2091 Sua
885 2026 1135 2092 Santita
1179 2028 1245 2093 di
1293 2030 1571 2092 scrivere
1618 2035 1786 2092 tutto
1833 2029 2042 2114 quello
2088 2029 2335 2109 facem,
2383 2041 2447 2094 et
2493 2030 2611 2094 cho
2655 2030 2834 2095 fusse
2882 2032 3233 2095 necessario
3253 2031 3311 2083 15

582 2135 699 2199 che
747 2157 1078 2220 sapessero
1124 2135 1182 2199 le
1227 2137 1501 2220 risposte
1542 2135 1790 2199 almeno
1837 2135 2004 2219 degli
2038 2135 2283 2200 elettori
2334 2159 2449 2222 per
2494 2136 2684 2202 molte
2728 2138 2975 2221 ragioni
3022 2148 3085 2201 et·
3125 2159 3237 2222 per

583 2264 805 2327 sapere
852 2240 1016 2304 com'
1062 2241 1339 2305 anchora
1385 2244 1510 2305 essi
1556 2245 1928 2326 governarsi
1974 2243 2041 2305 in
2087 2252 2314 2328 questa
2358 2245 2623 2307 materia
2668 2243 2772 2307 del
2820 2244 3108 2308 concilio.

758 2348 886 2411 Da}
935 2347 1149 2411 (10131.οιΙ
1193 2347 1501 2412 Matthias
1549 2372 1676 2412 non
1722 2347 1808 2411 ho
1864 2357 2130 2434 possuto
2190 2372 2420 2416 cavare
2481 2350 2640 2414 altro
2696 2349 2799 2414 del
2853 2352 2961 2435 gia
3005 2353 3236 2427 seriae,

583 2455 728 2539 qual
776 2456 842 2518 in
887 2477 1043 2538 gran
1088 2464 1268 2540 parte
1301 2457 1386 2518 mi
1435 2461 1469 2518 e
1515 2463 1682 2519 stato
1714 2456 2084 2520 confirmato
2122 2456 2205 2520 da
2235 2466 2461 2542 questo
2508 2480 2608 2535 re;
2654 2480 2757 2521 ma
2804 2479 2949 2521 esso
2996 2456 3235 2522 dottore

583 2559 748 2624 m'ha
795 2583 1121 2646 promesso
1168 2561 1368 2625 darmi
1428 2564 1608 2626 aviso
1668 2561 1747 2625 de
1806 2564 1954 2625 tutti
2013 2562 2057 2625 li
2105 2565 2343 2648 negotii
2391 2564 2509 2628 che
2558 2566 2611 2627 si
2658 2572 3007 2628 trattarano
3052 2563 3313 2652 perti-20

583 2671 757 2733 nenti
828 2692 864 2733 a
935 2668 1174 2733 Nostro
1244 2668 1544 2753 Signore‚
1614 2669 1978 2735 dicendomi
2044 2670 2277 2735 havere
2338 2677 2476 2736 cosi
2536 2674 2983 2737 commissione
3045 2672 3125 2737 da
3180 2671 3243 2735 la

583 2775 836 2840 Maesta
884 2777 1175 2841 Cesarea.
1244 2776 1403 2840 alt-ro
1449 2776 1507 2839 al
1555 2787 1851 2862 presente
1898 2799 2026 2841 non
2085 2800 2359 2842 occorre.
2450 2778 2579 2842 Dio
2626 2787 2844 2843 nostro
2890 2781 3138 2863 signore
3180 2779 3234 2842 la

586 2884 877 2946 conservi
925 2891 990 2945 et
1034 2882 1094 2946 la
1138 2905 1334 2968 prego
1383 2882 1596 2967 voglia
1638 2883 2049 2948 humilmente
2109 2886 2174 2947 in
2222 2886 2350 2947 mio
2405 2907 2589 2948 nome
2644 2885 2893 2950 basiare
2937 2887 3029 2971 gli
3074 2884 3232 2972 piedi

588 3012 622 3052 a
671 2988 802 3052 Sua
846 2987 1112 3068 samita,
1159 3012 1198 3053 a
1241 2989 1303 3053 la
1348 2990 1531 3074 quale
1578 2996 1682 3054 etc.

371 3097 502 3151 Jcm-
540 3100 571 3149 1
765 3095 1004 3159 Datum
1052 3098 1118 3160 in
1163 3095 1424 3162 Vienna
1466 3097 1512 3160 il
1559 3099 1763 3182 primo
1810 3097 1878 3162 di
1920 3119 2155 3182 genaro
2207 3106 2394 3166 1537.
3250 3093 3311 3149 ffi

365 3295 408 3348 J
405 3311 495 3348 ‹m-
535 3295 569 3345 4
588 3292 696 3359 16.
788 3292 1108 3357 Ricalcati
1154 3314 1244 3357 an
1287 3292 1549 3357 Marone
1564 3314 1587 3358 .·
1654 3294 2124 3376 Anerkennwzy
2189 3294 2390 3359 seiner
2450 3296 2725 3361 Diem-ste.
2817 3297 3235 3378 Aufriclaetiyer

589 3399 769 3480 Eifer
812 3400 916 3464 des
963 3400 1225 3480 Papstes
1266 3401 1377 3481 fiir
1420 3401 1539 3465 das
1587 3399 1837 3480 Concil;
1905 3402 2004 3466 die
2049 3401 2394 3467 Ritcksicht
2459 3403 2611 3486 auf·
2645 3403 2841 3468 dieses
2907 3406 3091 3469 sowie
3130 3407 3234 3483 aut

587 3507 687 3570 (lie
738 3506 1225 3571 Tiae‘rkenabwehr
1293 3508 1473 3571 treibt
1539 3509 1657 3571 den
1705 3507 1907 3588 Papst
1971 3509 2134 3572 auch
2179 3529 2267 3573 an
2283 3559 2296 3580 ‚
2341 3509 2475 3573 sich
2519 3510 2626 3573 der
2670 3509 3232 3576 Friedensvemitt-

587 3613 735 3695 luny
800 3633 887 3678 zu
953 3613 1362 3679 unterziehen.
1454 3614 1736 3696 Austray
1796 3635 1887 3679 an
1931 3615 2193 3681 Morone
2237 3615 2325 3680 K.
2372 3615 2778 3681 Ferdinands
2840 3617 3234 3698 Vermittluny

589 3719 945 3799 anzurufen
955 3739 979 3798 ;
1047 3720 1341 3784 Gedanke
1385 3722 1492 3785 der
1545 3720 1735 3786 Gurie
1750 3773 1765 3799 ‚
1821 3721 1970 3802 falls
2014 3721 2287 3788 lctzterer
2330 3724 2805 3789 einverstamlen
2818 3775 2833 3801 ,
2880 3725 3081 3790 durch
3124 3746 3231 3788 van
3248 3736 3311 3790 30

588 3827 697 3891 der
743 3827 920 3891 Vorst
964 3826 1062 3889 die
1091 3826 1486 3908 Kurfiirsten
1529 3829 2000 3910 ααῙΣειιῙὸνᾱειηι,
2046 3830 2202 3895 heim
2231 3830 2470 3896 Kaiser
2510 3852 2717 3913 :moyen
2760 3831 2833 3896 F
2826 3833 3069 3898 rialens
3109 3833 3235 3898 oder

592 3931 989 3998 Sbide-landes
1033 3934 1332 4017 vorstezliy
1376 3955 1459 3999 zu
1505 3936 1760 3999 werden.
1851 3936 2068 4021 [1537
2112 3938 2375 4002 Januar
2419 3940 2462 4000 4
2508 3936 2719 4023 Rom]
2747 3940 2802 4024 ²)

731 4041 854 4094 Aua
889 4039 1046 4107 Rom,
1084 4041 1250 4095 Arch.
1300 4040 1422 4094 γαί.
1464 4040 1686 4096 Lettere
1723 4042 1806 4096 de’
1843 4043 2094 4114 principe
2130 4043 2253 4098 Vol.
2296 4044 2403 4099 14·
2437 4044 2532 4099 fol.
2568 4044 2778 4115 34781),
2814 4051 3032 4116 innitere
3070 4046 3232 4116 Copia,

801 4127 1108 4183 undatiert.

592 4217 1120 4228 -———-—--.———-.—-

735 4269 780 4340 1)
820 4270 979 4327 Peter
1014 4287 1126 4325 van
1162 4272 1260 4326 der
1307 4271 1496 4340 γονεύς
1531 4275 1630 4342 vyl.
1671 4273 1762 4327 die
1798 4274 2150 4344 Einkitunq.
3245 4275 3307 4332 35

735 4358 780 4428 ²)
820 4356 959 4428 Dass
1007 4377 1115 4415 une
1163 4361 1283 4416 hier
1331 4361 1430 4416 der
1476 4378 1584 4416 von
1619 4363 1853 4417 Morene
1902 4364 1969 4417 in
2002 4381 2074 4418 m·
2126 4367 2195 4418 19
2248 4365 2524 4421 erwc‘ihnte
2570 4366 2747 4433 Brief
2784 4367 2883 4423 der
2922 4367 3084 4424 Curio
3126 4384 3231 4422 von

592 4454 627 4504 4
663 4450 888 4504 Januar
923 4453 1063 4504 1537
1098 4451 1355 4521 υονῐίερι,
1400 4452 1529 4520 yeht
1564 4468 1668 4506 aus
1705 4452 1803 4506 der
1838 4453 2126 4520 Antwort,
2162 4470 2247 4509 nr.
2286 4458 2380 4522 19,
2416 4455 2516 4510 mit
2553 4455 2860 4511 Sicherheit
2894 4459 3104 4525 her-vor,
3138 4473 3229 4511 wo-

592 4538 754 4594 selbst
803 4539 905 4592 wir
950 4540 1096 4594 auch
1141 4540 1358 4594 ersehen
1408 4537 1527 4607 dass
1577 4540 1677 4594 mit
1714 4540 1836 4595 dem
1872 4542 2246 4611 vorlieqenden
2283 4543 2470 4609 Briese
2518 4545 2609 4599 ein
2641 4546 2858 4601 zweiter
2883 4548 3123 4616 parallel
3148 4561 3229 4616 ye-

590 4643 805 4696 9an9en
841 4628 929 4696 ist,
967 4627 1062 4682 der
1101 4646 1207 4683 von
1245 4628 1424 4684 Clissa
1457 4629 1747 4698 qehcmdelt
1785 4631 1913 4698 hat5
1950 4631 2171 4697 darauf
2196 4631 2389 4688 deutet
2424 4634 2499 4688 im
2536 4635 2922 4704 vorlieyenden
2958 4636 3121 4702 Brief
3143 4634 3232 4688 der

595 4716 861 4786 Einyany
900 4717 1043 4770 oltra
1079 4724 1287 4787 quanto
1324 4718 1371 4771 si
1408 4717 1584 4772 scrive
1621 4718 1747 4772 nell’
1786 4719 2017 4791 alligata
2051 4720 2168 4776 hin.
3245 4721 3304 4775 40
