3500 5300
1399 346 1497 402 No.
1536 347 1635 403 1¹⁸:
1673 347 1829 404 1536.
2831 346 2938 409 897

295 548 361 606 et
404 542 740 628 ejiciuntur
798 541 1069 607 rebelles
1085 590 1101 620 ,
1159 564 1237 606 ne
1296 542 1675 607 fermentum
1733 544 1972 609 malitie
2033 566 2377 631 paucorum
2425 554 2622 610 totam
2667 566 2940 612 massam
2992 550 3131 603 1536

295 655 688 735 corrumpat:
738 658 838 716 23.
884 672 944 735 q.
992 658 1030 717 3
1078 672 1129 713 c.
1175 649 1524 736 apostolice
1556 652 1616 730 ¹).

296 829 394 892 35.
462 826 614 905 Quo
661 836 849 914 pacto
895 827 1076 893 multi
1123 828 1588 894 cohabitatores
1647 828 2029 916 oppidorum
2089 833 2585 896 excomunicatis
2614 834 2660 911 ⁸)
2709 841 2774 897 et
2818 834 2943 918 ipsi

926 944 1269 1020 utcumque
1315 938 1683 1001 innocentes
1731 937 2304 1003 excomunicantur.

243 1067 279 1121 5
475 1058 638 1124 Cum
685 1059 1011 1146 apostolus
1057 1062 1262 1147 prima
1307 1060 1594 1126 Corinth.
1641 1083 1695 1126 c.
1730 1069 1767 1127 5
1799 1062 2147 1148 ²).jusserit
2178 1063 2402 1126 evitari
2436 1065 2945 1130 excomunicatos

297 1188 413 1231 nec
471 1188 614 1231 cum
666 1165 792 1230 illis
852 1164 1105 1252 quidem
1165 1166 1375 1232 cibum
1437 1167 1813 1232 sumendum
1861 1176 1928 1233 et
1969 1167 2250 1233 Joannes
2310 1169 2581 1255 epistola
2627 1180 2684 1237 2.
2731 1193 2783 1235 c.
2833 1181 2864 1236 1
2898 1172 2945 1252 ⁸)

296 1272 557 1338 mandet
601 1273 719 1338 hos
765 1295 884 1339 nec
929 1275 994 1339 in
1043 1272 1300 1339 domum
1342 1274 1744 1360 recipiendos
1775 1296 1894 1339 nec
1938 1274 2065 1340 illis
2112 1297 2233 1340 ave
2266 1273 2621 1356 dicendum,
2666 1276 2820 1363 quid
2852 1286 2950 1342 est

299 1378 471 1466 quod
514 1402 632 1466 pro
678 1402 867 1445 onere
912 1390 1243 1467 reputetur
1302 1383 1354 1446 si
1412 1384 1554 1468 quis
1614 1404 1762 1447 cum
1818 1402 2015 1447 uxore
2064 1390 2130 1447 et
2171 1382 2316 1446 filiis
2363 1390 2475 1448 aut
2519 1405 2598 1447 ex
2643 1385 2872 1449 vicinis
2899 1384 2947 1465 t⁹)

298 1486 679 1573 quibusdam
725 1490 1270 1570 excomunicetur‚
1330 1488 1644 1574 siquidem
1691 1488 1908 1554 delicti
1956 1488 2194 1554 fuerint
2243 1491 2617 1577 participe8‚
2663 1513 2807 1556 cum
2851 1491 2948 1557 fa-

213 1600 281 1654 10
299 1596 539 1660 cientes
608 1604 673 1660 et
739 1598 1212 1661 consentientes
1281 1594 1546 1661 eandem
1611 1603 1969 1661 mereantur
2021 1618 2283 1682 penam:
2359 1607 2457 1663 11.
2504 1619 2561 1683 q.
2619 1606 2675 1664 3.
2736 1621 2790 1663 c.
2858 1601 2949 1663 ita

299 1704 580 1789 corporis
607 1703 675 1784 ⁴),
721 1711 800 1767 et.
848 1725 900 1766 c.
947 1702 1510 1768 excellentissimus
1538 1704 1604 1783 ὅ).
1694 1725 1813 1768 nec
1860 1704 2026 1768 enim
2076 1725 2155 1767 ex
2201 1725 2278 1768 eo
2323 1704 2526 1769 solum
2573 1704 2743 1791 quod
2788 1728 2951 1771 uxor

298 1809 412 1874 filii
457 1819 568 1874 aut
612 1811 806 1875 vicini
861 1811 1012 1888 sint,
1057 1809 1249 1875 modo
1291 1808 1575 1896 ejusdem
1621 1812 1902 1875 criminis
1947 1812 2039 1875 rei
2084 1833 2210 1875 non
2256 1809 2516 1891 fuerint,
2561 1833 2600 1876 a
2645 1813 2839 1876 sacris
2887 1819 2951 1876 et

300 1916 580 1982 fidelium
623 1919 928 1983 comertio
960 1916 1384 1982 excluduntur
1398 1943 1414 1998 ;
1461 1920 1613 2003 quin
1656 1918 1874 2004 potius
1921 1917 2002 1983 ab
2043 1917 2459 1982 anathematis
2505 1918 2778 1997 vincu10,
2823 1940 2950 2004 quo

299 2023 577 2109 ligantur
637 2026 1131 2089 excomunicatis
1178 2026 1632 2111 participantes
1662 2029 1727 2106 θ),
1795 2023 2249 2090 subtrahuntur
2306 2046 2534 2090 uxores
2601 2024 2712 2089 filii
2781 2028 2950 2090 servi

211 2135 282 2190 15
302 2131 530 2197 ancille
576 2154 690 2197 seu
734 2133 1051 2218 mancipia
1079 2133 1298 2196 rustici
1348 2141 1412 2196 et
1443 2132 1795 2196 servientes
1813 2156 1830 2211 ;
1878 2154 1996 2197 nec
2043 2154 2172 2197 non
2217 2139 2429 2195 orator
2471 2134 2839 2218 peregrinus
2888 2141 2954 2197 et

302 2240 526 2316 viator,
556 2241 665 2324 qui
695 2241 761 2303 in
790 2247 1023 2303 terram
1065 2241 1684 2304 excomunicatorum
1714 2241 2027 2318 venerint,
2057 2247 2129 2303 ut
2156 2238 2247 2303 ibi
2277 2241 2635 2304 necessaria
2666 2261 2873 2305 emere
2902 2239 2950 2320 ἃ)

304 2345 384 2411 ab
465 2347 959 2411 excomunicatis
1036 2367 1160 2409 non
1243 2345 1733 2432 prohibeantur:
1811 2368 1864 2412 c.
1934 2347 2232 2432 quoniam
2303 2357 2404 2412 11.
2474 2368 2535 2432 q.
2608 2355 2664 2414 3.
2693 2348 2739 2426 ⁶)
2756 2370 2774 2425 3
2842 2348 2951 2431 qui

304 2463 515 2518 tamen
561 2475 689 2518 non
738 2462 1123 2518 excusantur
1167 2455 1220 2517 si
1269 2455 1335 2517 in
1381 2454 1639 2518 crimine
1699 2454 2112 2540 participent:
2175 2474 2228 2519 c.
2289 2454 2455 2518 inter
2498 2452 2621 2517 alia
2668 2452 2749 2517 de
2795 2462 2953 2517 sent.

305 2581 482 2626 exeo.
510 2561 589 2642 ⁰¹);
636 2583 690 2625 c.
736 2562 844 2645 qui
893 2562 1214 2625 consentit
1262 2571 1362 2626 11.
1408 2582 1467 2646 q.
1516 2568 1572 2627 3.
1601 2561 1664 2642 8).

210 2672 287 2726 20
481 2667 1013 2733 Excomunicatos
1059 2676 1272 2733 autem
1316 2667 1553 2733 nedum
1584 2666 1940 2746 evitandos,
1987 2666 2103 2732 sed
2135 2669 2325 2732 ctiam
2371 2667 2710 2753 fugiendos
2743 2690 2956 2734 exem·

306 2777 415 2864 plo
460 2799 577 2841 nos
637 2774 854 2840 docuit
895 2775 940 2840 J
940 2797 1175 2840 oannes
1222 2774 1630 2860 evangelista.
1720 2783 1934 2839 narrat
1992 2776 2159 2839 enim
2219 2773 2299 2839 de
2358 2774 2467 2839 illo
2522 2774 2777 2841 auditor
2819 2777 2956 2862 ejus

308 2885 743 2949 sanctissimus
802 2884 902 2949 vir
944 2882 1318 2968 Policarpus
1364 2880 1796 2948 Smirneorum
1854 2882 2193 2967 episcopus
2251 2880 2426 2967 quod
2469 2889 2755 2968 tempore
2801 2903 2958 2968 quo-

308 2989 473 3070 dam,
518 3012 661 3055 cum
709 2988 880 3076 apud
924 2989 1253 3077 Ephesum
1309 2988 1565 3055 lavandi
1624 2991 1828 3073 gratia
1887 2987 2182 3052 balneum
2237 2987 2470 3053 fuisset
2525 2991 2846 3074 ingressus
2893 2996 2959 3053 et

307 3097 577 3163 vidisset
623 3098 711 3161 ibi
744 3095 1118 3162 Cherintum
1163 3098 1366 3177 exire,
1411 3098 1712 3162 continuo
1756 3095 2053 3162 discessit
2097 3117 2223 3159 non
2266 3096 2455 3176 lotus,
2486 3093 2701 3160 dicens
2747 3095 2958 3181 fugia-

216 3206 450 3270 25mus
506 3205 650 3270 hinc
708 3226 787 3269 ne
847 3212 913 3269 et
972 3204 1199 3270 balnee
1258 3207 1397 3290 ipse
1456 3226 1572 3269 nos
1627 3211 2003 3289 corumpant
2060 3204 2124 3266 in
2195 3203 2425 3288 quibus
2473 3201 2812 3267 Cherintus
2866 3201 2958 3267 la-

308 3322 498 3378 vatur
553 3313 847 3377 inimicus
905 3314 1211 3377 veritatis,
1302 3311 1469 3376 idem
1525 3332 1779 3397 quoque
1841 3309 2214 3396 Policarpus
2271 3309 2585 3380 Marcioni
2644 3332 2788 3373 cum
2843 3310 2958 3373 ali-

312 3419 565 3508 quando
598 3421 988 3499 occurrisset,
1034 3419 1271 3485 dicenti
1316 3420 1469 3484 sibi:
1518 3440 1789 3504 agnosce
1820 3440 1958 3498 noe,
2003 3415 2359 3503 respondit:
2407 3437 2680 3501 agnosco
2726 3418 2958 3504 primo-

456 3707 502 3757 ι)
536 3706 627 3748 cod.
658 3704 988 3748 exsomnis-tl.

461 3778 506 3829 b)
539 3777 633 3821 cod.
663 3777 917 3820 vicinorum.

222 3839 297 3894 30
457 3851 499 3902 ο)
527 3850 625 3892 Bod-
664 3852 684 3890 1
729 3849 837 3901 quin
884 3848 1031 3901 potin·
1068 3847 1314 3891 eximuntur
1364 3847 1419 3888 ab
1463 3857 1516 3889 οι
1560 3845 2003 3890 excommunicatione
2041 3856 2170 3896 quam
2216 3844 2601 3888 exeommunicati·
2645 3842 2961 3897 »misimus

316 3923 553 3965 incurrunt.

456 3994 500 4047 α)
533 3994 626 4036 σοι
656 3993 754 4035 ada.
783 3973 971 4046 prohibi.

461 4120 502 4190 ¹)
539 4137 582 4176 e.
618 4123 687 4176 13
723 4119 780 4176 0.
817 4123 895 4175 24
928 4134 978 4189 q.
1017 4122 1067 4174 3.

461 4210 502 4279 ²)
540 4210 717 4267 100r.
754 4212 790 4263 5
825 4225 876 4264 v.
916 4208 1024 4275 ΠΥ.

223 4283 298 4340 35
463 4298 504 4367 ¹)
539 4300 719 4356 2Joh.
756 4302 789 4353 1
823 4315 874 4354 υ.
911 4302 997 4353 10.

458 4387 505 4457 ⁴)
540 4405 586 4445 c.
623 4391 696 4443 96
731 4387 788 4445 0.
828 4392 892 4443 11
927 4406 975 4459 q.
1012 4392 1061 4442 3.

463 4477 505 4547 ⁶)
542 4495 587 4534 c.
623 4482 734 4534 102
769 4478 829 4536 0.
868 4481 931 4532 11
967 4496 1015 4549 q.
1053 4481 1103 4533 3.

469 4568 511 4639 ⁶)
549 4586 592 4625 ο.
630 4571 733 4624 103
772 4567 831 4624 0.
866 4571 931 4622 11
964 4585 1010 4639 q.
1050 4571 1103 4624 3.

468 4657 507 4727 ⁷)
539 4658 661 4714 Lib.
708 4658 761 4713 V
790 4658 877 4714 tit.
916 4661 988 4714 39
1025 4674 1070 4713 c.
1107 4661 1191 4714 31.

226 4731 303 4787 40
465 4745 1103 4818 ⁸)c.1000.11q.3.
