3500 5300
1185 356 1284 410 No,
1325 356 1421 410 76:
1463 356 1600 411 1538
1637 356 1872 410 Februar
1905 358 1956 412 4.
2792 354 2900 414 249

239 571 351 636 per
394 552 644 637 meggio
673 549 776 615 del
808 550 992 638 quale
1036 549 1096 616 le
1140 550 1404 638 picciole
1435 553 1668 617 actioni
1716 554 1841 618 mie
1871 559 1934 617 et
1963 552 2008 617 li
2052 552 2255 616 advisi
2293 550 2539 638 publici
2569 552 2649 618 de
2680 563 2898 639 queste
2950 555 3094 608 1538

240 658 404 742 parti
448 659 700 744 possino
747 680 951 723 essere
1009 659 1343 723 introdutti
1403 658 1505 723 all'
1566 659 1856 724 orecchie
1916 659 1981 724 di
2041 659 2174 724 Sua
2218 659 2481 725 Santita.
2571 659 2614 723 il
2662 659 2898 746 perche
2915 625 3059 680 ΡΜ·
3097 628 3133 678 4

241 762 565 829 volentieri
610 763 871 829 obediro
916 788 957 828 a
1002 765 1134 832 Sua.
1177 765 1578 830 Beatitudine
1642 774 1704 831 et
1762 765 1903 830 dell'
1952 767 2342 830 occorrentie
2397 766 2552 831 daro
2598 768 2896 831 continuo

116 917 125 924 „
238 872 414 935 aviso
460 892 501 935 a
544 870 624 936 V.
668 870 817 936 111·ιιι
864 871 946 954 S„
1006 871 1070 936 la
1114 871 1300 958 quale
1345 871 1756 937 humilmente
1815 882 1878 937 et
1935 879 2170 959 quanto
2228 894 2413 958 posso
2468 874 2786 957 ringracio
2832 872 2897 937 di

188 979 370 1042 bcosi
414 978 773 1043 amorevole
830 986 895 1043 et
952 977 1231 1064 benigna
1277 976 1596 1042 oblatione
1643 1002 1760 1043 sua
1803 980 1866 1043 in
1916 980 2040 1042 mio
2087 977 2426 1061 beneficio,
2487 979 2897 1043 rendendomi

241 1092 410 1148 certo
458 1107 583 1148 non
630 1107 743 1170 per
789 1086 993 1168 virtu,
1054 1084 1240 1171 quale
1286 1086 1350 1148 in
1397 1107 1498 1149 me
1546 1108 1671 1149 non
1721 1107 2022 1160 conosco,
2070 1086 2151 1149 ne
2196 1107 2310 1171 per
2356 1087 2609 1150 servitio
2654 1087 2814 1150 fatto
2861 1109 2900 1149 a

241 1190 371 1255 Sua
415 1190 680 1275 Santita,
725 1189 913 1277 quale
958 1192 993 1255 ὲ
1040 1201 1202 1256 stato
1248 1191 1314 1256 di
1359 1214 1520 1278 poco
1567 1200 1904 1275 momentO,
1952 1215 2059 1255 ma
2103 1214 2218 1278 per
2261 1215 2379 1256 sua
2423 1191 2740 1278 singulare
2787 1194 2897 1257 hu-

240 1299 495 1381 mani&
542 1297 676 1382 che,
723 1297 1058 1363 venendoli
1105 1300 1465 1382 occasione,
1523 1298 1568 1363 li
1613 1299 1806 1364 effetti
1868 1321 2095 1363 sarano
2142 1300 2452 1364 conformi
2498 1297 2618 1364 alle
2663 1300 2897 1385 parole,

239 1411 301 1469 et
344 1405 405 1468 io
451 1404 774 1491 pigliando
823 1406 1033 1470 animo
1078 1404 1249 1469 dalla
1293 1407 1541 1492 prefata
1585 1404 1914 1469 humanita
1959 1409 2084 1471 suff
2119 1415 2182 1470 et
2211 1404 2382 1470 dalla
2427 1406 2792 1471 affetionata
2838 1414 2901 1471 et

152 1522 221 1576 10
238 1510 619 1577 hereditaria
675 1514 915 1577 servitu
977 1514 1105 1577 mia
1160 1534 1345 1577 verso
1393 1513 1526 1578 Sua
1569 1510 1722 1576 lum
1754 1534 1920 1577 ,casa
1976 1515 2042 1577 in
2100 1514 2248 1598 ogni
2296 1514 2422 1577 mio
2467 1511 2732 1599 bisogno
2778 1515 2898 1577 ric·

240 1619 489 1684 cori-ero
534 1639 576 1684 a
619 1617 700 1684 lei
746 1641 925 1685 come
970 1641 1012 1684 a
1056 1619 1374 1705 singulare
1418 1627 1648 1706 patron
1695 1620 1838 1684 mio.

414 1724 546 1790 Alli
589 1727 795 1812 giomi
840 1728 1078 1812 passati
1125 1727 1381 1791 mandai
1429 1748 1553 1790 uno
1603 1747 1823 1790 corero
1867 1748 1908 1789 a
1951 1732 2135 1812 posta
2179 1724 2240 1790 al
2286 1749 2355 1791 re
2401 1726 2467 1790 di
2503 1725 2771 1791 Polonia
2802 1727 2899 1793 col

239 1831 433 1898 breve
477 1833 543 1897 di
588 1832 819 1898 Nostro
851 1832 1117 1918 Signore
1163 1854 1350 1919 sopra
1396 1832 1457 1896 la
1504 1833 1945 1918 prorogatione
1991 1831 2079 1895 dil
2110 1832 2397 1916 concilio,
2442 1833 2898 1919 indrizandolo‚

241 1961 420 2005 come
466 1937 623 2004 altre
670 1939 839 2004 volte
884 1939 1090 2004 havea
1136 1940 1291 2003 fatto
1338 1940 1405 2004 di
1436 1940 1874 2003 commissione
1920 1938 1984 2002 di
2017 1938 2149 2004 Sua
2180 1938 2443 2022 Santita‚
2491 1940 2574 2004 ad
2621 1963 2707 2005 un
2739 1940 2899 2005 frate

150 2055 218 2108 15
241 2046 460 2112 Marco
508 2046 858 2111 Venetiano
904 2045 1291 2132 provinciale
1348 2045 1415 2109 di
1460 2044 1725 2109 l’ordine
1772 2044 1838 2108 di
1884 2052 2063 2109 santo
2114 2045 2457 2111 Francisco
2514 2045 2655 2111 dell’
2703 2071 2900 2112 osser—

241 2175 461 2218 vanza.
508 2162 573 2218 et
616 2152 846 2240 perche
879 2152 1085 2240 quello
1133 2175 1201 2217 re
1245 2154 1298 2216 si
1332 2159 1515 2216 trova
1543 2151 1804 2216 absente
1835 2151 1920 2216 da
1950 2150 2283 2236 cracovia,
2328 2151 2373 2217 il
2419 2153 2707 2239 predetto
2741 2155 2900 2220 frate

238 2261 458 2326 Marco
525 2261 613 2324 mi
683 2259 767 2324 ha
833 2259 1192 2324 rimandato
1260 2258 1305 2323 il
1373 2281 1590 2323 corero
1658 2267 1722 2322 et
1768 2258 2118 2344 significato
2166 2258 2326 2323 ch'al
2373 2261 2610 2324 ritorno
2655 2260 2722 2325 di
2770 2262 2901 2326 Sua

237 2367 500 2450 Maesta,
547 2366 732 2453 quale
778 2369 924 2431 sara
966 2368 1033 2431 in
1079 2365 1292 2448 breve,
1338 2367 1425 2429 mi
1471 2357 1780 2430 mandera
1823 2364 1888 2430 la
1931 2367 2202 2452 risposta
2234 2369 2300 2453 ¹).

418 2473 663 2554 Questa
708 2473 954 2538 Maesta
996 2473 1084 2537 mi
1127 2471 1210 2537 ha
1255 2472 1415 2537 ditto
1458 2471 1575 2537 che
1622 2494 1748 2536 non
1796 2470 2086 2537 obstante
2131 2472 2175 2537 il
2222 2481 2481 2538 trattato
2513 2472 2677 2537 della
2721 2496 2899 2560 pace,

141 2590 219 2643 20
238 2581 355 2646 che
400 2582 452 2645 si
498 2580 565 2644 fa
609 2587 709 2643 tra
752 2578 814 2643 18
860 2578 1133 2645 Cesarea
1176 2577 1424 2643 Maesta
1467 2587 1531 2644 et
1574 2577 1620 2643 il
1665 2601 1734 2643 re
1781 2578 2062 2645 Christm
2077 2628 2097 2663 ‚
2156 2581 2208 2644 si
2262 2579 2568 2644 facevano
2614 2581 2765 2667 pero
2810 2581 2899 2645 81-

237 2691 384 2755 cuni
433 2688 589 2753 fanti
635 2695 1085 2753 secretamente
1131 2687 1217 2751 da
1259 2687 1618 2773 lantgravio
1664 2687 1895 2752 d'Hess
1908 2736 1927 2770 ,
1975 2709 2134 2774 capo
2181 2688 2280 2752 fra
2323 2687 2689 2772 Lutherani‚
2737 2695 2898 2753 sotto

238 2795 398 2861 altro
445 2801 731 2883 pretexto
748 2845 765 2873 ‚
830 2800 893 2859 et
959 2795 1012 2859 si
1080 2797 1332 2882 suspica
1397 2796 1634 2861 fossero
1692 2818 1733 2858 a
1791 2816 1977 2858 nome
2033 2793 2098 2858 di
2146 2794 2431 2877 Franza3
2499 2794 2560 2859 al
2608 2794 2724 2861 che
2769 2796 2902 2863 Sua

237 2904 485 2969 Maesta
543 2905 632 2967 mi
690 2902 833 2967 dice
893 2900 1127 2966 havere
1172 2903 1485 2989 provisto,
1543 2910 1607 2967 et
1664 2908 2075 2989 quantunque
2136 2902 2211 2965 sii
2267 2902 2334 2964 in
2379 2899 2550 2966 bona
2594 2924 2900 2990 speranza

237 3010 407 3076 della
451 3030 627 3097 pace,
672 3008 1054 3074 nondimeno
1102 3016 1323 3095 questo
1369 3031 1562 3095 segno
1608 3009 1774 3073 assai
1820 3015 2169 3094 suspettoso
2215 3007 2259 3072 li
2304 3009 2341 3071 ὲ
2386 3007 2790 3095 despiaciutO.

142 3125 219 3178 25
416 3116 497 3181 Li
542 3116 775 3180 oratori
821 3115 1050 3180 Veneti
1094 3116 1304 3202 doppo
1350 3114 1394 3180 il
1438 3138 1599 3201 gran
1644 3115 1858 3179 danno
1916 3116 2200 3179 ricevuto
2246 3113 2387 3179 nell'
2434 3114 2816 3203 Arcipelago
2843 3117 2898 3203 ²)

234 3314 413 3369 werde
449 3330 503 3367 es
538 3313 630 3366 ein
663 3312 787 3365 sehr
810 3312 1160 3381 ynoichtv'qcr
1196 3313 1327 3366 sein.
1381 3310 1565 3379 Siena,
1604 3312 1771 3367 Arch.
1801 3311 1865 3365 di
1890 3310 2049 3366 Scato
2078 3311 2301 3366 Lettere
2327 3312 2439 3366 alla
2463 3312 2626 3367 Balia
2651 3312 2772 3368 Vol.
2793 3314 2898 3368 444

239 3404 393 3473 Θήῃ.
460 3403 661 3457 Weiter
699 3401 933 3455 dev-selba
970 3420 1061 3455 am
1084 3405 1120 3455 5
1147 3402 1376 3455 Januar
1404 3404 1575 3454 1538:
1610 3400 1695 3454 La
1731 3401 1963 3472 cagione
1998 3401 2054 3454 di
2092 3400 2148 3455 la
2183 3408 2404 3456 cattura
2440 3401 2497 3455 di
2534 3419 2739 3456 messer
2767 3402 2898 3456 Am·

236 3492 434 3563 brogio
465 3534 478 3546 .
500 3532 513 3545 .
539 3531 553 3544 .
581 3490 629 3546 si
665 3489 893 3545 afferma
928 3504 1078 3545 esser
1114 3496 1247 3545 nata
1283 3491 1357 3544 da
1392 3490 1445 3544 le
1480 3489 1647 3544 molte
1684 3490 1915 3544 simonie
1960 3489 2033 3543 da
2079 3489 2157 3543 lui
2196 3506 2495 3545 commesse
2529 3507 2561 3545 e
2598 3507 2697 3561 per
2731 3490 2901 3546 havet

233 3581 380 3637 fatto
408 3580 586 3636 venali
614 3580 775 3651 quasi
810 3586 958 3634 tutte
995 3579 1046 3634 le
1075 3579 1255 3650 gratie
1291 3596 1322 3634 e
1348 3579 1574 3651 governi
1612 3578 2000 3649 appartenenti
2036 3595 2071 3632 a
2099 3577 2213 3633 Sua
2238 3578 2607 3648 Beatitudine,
2645 3579 2700 3634 la
2735 3580 2899 3651 quale

132 3671 214 3725 30
234 3671 554 3743 sdegnatasi
602 3670 659 3723 di
708 3677 906 3740 questo
954 3685 1137 3723 errore
1184 3685 1253 3723 ne
1289 3670 1364 3722 ha
1409 3667 1556 3724 fatta
1602 3675 1803 3739 questa
1837 3668 2300 3723 demonstratione
2345 3685 2377 3722 e
2414 3669 2488 3723 ha
2536 3669 2794 3724 investito
2829 3669 2899 3724 de

234 3763 404 3832 luogo
454 3776 484 3815 e
521 3756 699 3814 offitio
735 3775 835 3813 suo
870 3758 913 3812 il
950 3758 1070 3812 ΒΜ
1107 3758 1165 3812 di
1202 3757 1458 3827 Famae,
1495 3774 1527 3812 e
1564 3758 1611 3812 si
1646 3774 1821 3827 pensa
1867 3757 1970 3812 che
2006 3757 2061 3811 di
2099 3754 2213 3812 Sua
2248 3756 2504 3829 Signoria
2538 3756 2661 3811 Bm
2697 3755 2823 3812 sarh.
2859 3759 2899 3812 il

233 3866 396 3906 nome
432 3866 462 3903 e
499 3848 539 3903 il
575 3847 759 3903 carico
795 3845 923 3902 sara
957 3847 1013 3901 di
1051 3864 1256 3902 messer
1291 3846 1554 3902 Marcello
1590 3846 1807 3902 Corvini
1846 3847 1918 3900 da
1955 3845 2418 3917 Montepulciano,
2466 3847 2762 3902 secretario
2812 3847 2901 3901 del

232 3941 390 3994 detto
428 3938 565 3992 ΒΜ.
638 3936 866 3993 Ibidem.

384 4027 426 4098 ¹)
466 4028 577 4082 Am
612 4029 647 4080 5
673 4026 933 4081 Februar
968 4026 1178 4080 schrieb
1214 4043 1319 4081 aus
1348 4025 1520 4080 Palen
1558 4024 1657 4079 der
1691 4023 1936 4090 Bischof
1961 4024 2192 4080 Johann
2225 4041 2335 4079 von
2360 4024 2621 4091 Krakau‚
2655 4023 2900 4079 Kanzler

130 4122 213 4177 35
233 4119 337 4174 des
371 4117 736 4187 Koniyreichs
769 4116 969 4183 Polou,
1020 4133 1099 4169 an
1133 4116 1392 4182 Morene,
1440 4115 1540 4169 mit
1575 4113 1876 4168 Ausdruck
1919 4114 2092 4168 seinos
2127 4113 2355 4168 Domkes
2399 4109 2519 4182 dest
2567 4114 2683 4167 ihm
2727 4113 2902 4168 dieser

234 4208 331 4262 die
364 4207 531 4261 Bulla
568 4207 665 4261 der
698 4220 877 4260 neuen
913 4205 1286 4273 Proroyation
1321 4204 1416 4258 des
1454 4203 1668 4258 Concita
1701 4202 2028 4272 zuyesandt,
2067 4202 2156 4257 die
2192 4218 2251 4256 er
2286 4203 2472 4257 seim
2511 4201 2902 4268 bischot'lichen

232 4295 669 4363 Amtsbrfidern,
716 4295 909 4349 welche
943 4312 1065 4348 zum
1100 4292 1398 4362 Reichstay
1434 4293 1772 4347 versammelt
1805 4308 2068 4362 yewesen,
2115 4292 2233 4358 auf
2260 4291 2357 4345 der
2392 4289 2553 4345 Stella
2587 4292 2902 4362 mityetheilt

230 4386 389 4441 habe.
463 4384 718 4451 Florem,
756 4383 922 4439 Arch.
961 4382 1024 4436 di
1059 4382 1219 4437 Scato
1254 4381 1420 4436 Carte
1456 4381 1780 4436 Cei-viniano
1817 4380 1972 4434 F'ilza
2007 4381 2043 4434 4
2079 4398 2158 4434 nr.
2197 4383 2262 4434 81
2309 4379 2456 4449 Oriy.

381 4472 428 4543 ³)
466 4475 503 4527 1
504 4491 552 4525 m
577 4474 869 4527 December
896 4476 1037 4526 1537
1072 4473 1311 4527 eroberte
1347 4472 1436 4525 die
1472 4471 1743 4526 toerkischc
1770 4471 1957 4525 ontte
1983 4475 2150 4524 anter
2177 4470 2522 4525 Chaireddin
2549 4471 2902 4526 Barbarossa

131 4568 214 4621 40
235 4565 400 4619 einen
441 4558 655 4633 yrosten
699 4561 855 4616 Theil
896 4562 995 4615 der
1029 4561 1220 4615 Inseln
1256 4561 1348 4616 des
1385 4562 1809 4630 Archipezayus,
1849 4560 2112 4614 Pammos
2147 4560 2366 4629 Aeyina
2413 4559 2592 4613 Paros
2645 4575 2701 4614 u.
2741 4576 2793 4614 a.
2829 4578 2898 4614 m.

242 4654 358 4722 Vql.
397 4653 543 4707 auch
577 4652 686 4705 den
724 4651 948 4705 Bericht
993 4652 1086 4704 des
1134 4651 1444 4719 enylischen
1481 4652 1731 4720 Aqenten
1766 4651 1832 4703 in
1879 4649 2143 4718 Venediy,
2182 4649 2411 4716 Harvel,
2447 4665 2566 4703 vom
2603 4651 2638 4699 4
2674 4648 2902 4705 Januar

232 4745 300 4798 in
335 4741 690 4813 Statepapers
741 4741 848 4794 Vol.
902 4739 1016 4794 VII
1047 4757 1100 4809 p.
1140 4744 1210 4792 13
1244 4758 1331 4794 nr.
1369 4743 1491 4793 385.
