3500 5300
528 367 635 429 502
1448 369 1548 425 Nc.
1589 371 1717 425 199:
1759 368 1897 423 1535
1934 368 2145 437 August
2178 366 2263 422 26.

314 568 452 620 1535
523 566 795 646 decreti,
862 568 1012 652 quia
1070 589 1275 652 papae
1334 568 1661 631 contineat
1716 565 1890 650 leges
1905 613 1923 644 ,
1995 564 2244 630 scilicet
2302 561 2384 628 ad
2443 564 2859 628 imitationem
2918 563 3191 629 Witem-

249 637 391 705 ΑΨ·
430 640 506 692 '²⁶
523 673 958 758 bergensium;
1032 672 1304 758 denique
1362 675 1429 736 in
1486 681 1622 737 toto
1692 671 1903 736 studio
1978 679 2042 735 et
2108 672 2369 736 civitate
2441 672 2653 736 omnia
2720 680 2869 735 sunt
2935 671 3189 736 infecta.

521 783 725 845 mansi
785 780 914 844 illic
972 781 1247 865 quinque
1294 779 1554 858 diebus,
1611 779 1706 843 fui
1769 777 2037 864 diligens
2092 785 2553 864 perscrutator,
2616 779 2847 844 intravi
2908 777 3189 843 studium

524 909 742 951 eorum
790 894 855 950 et
900 886 1167 974 templa:
1217 885 1369 965 vidi,
1416 885 1631 950 audivi
1680 909 1757 951 ea
1802 907 1965 971 quae
2012 885 2241 949 scrib0.
2315 886 2505 971 cupio
2550 893 2765 950 tamen
2823 907 2899 950 ea
2944 895 3194 951 secreta

524 1016 662 1057 esse
723 993 962 1077 aliquot
1006 992 1086 1058 de
1133 995 1374 1072 causiS,
1419 992 1533 1057 sed
1580 1002 1918 1079 propterea
1963 990 2299 1057 scribenda
2343 994 2571 1078 putavi·
2613 1002 2686 1057 ut
2730 990 2949 1057 videat
2994 991 3194 1058 Sacra
3250 1008 3287 1060 5

521 1100 834 1186 Majestas
884 1098 1124 1166 Vestra
1157 1101 1388 1186 quibus
1420 1099 1782 1164 hominibus
1815 1099 2187 1164 consiliariis
2220 1100 2517 1185 princeps
2559 1099 2800 1164 elector
2828 1102 2893 1164 in
2924 1101 3193 1164 materia

521 1229 664 1270 mea
730 1230 884 1272 usus
952 1206 1180 1286 fuerit,
1239 1215 1303 1271 et
1361 1216 1432 1270 ut
1492 1207 1749 1271 minime
1820 1207 2080 1269 miretur
2137 1208 2192 1270 si
2252 1227 2291 1270 a
2351 1204 2481 1270 Sua
2538 1204 2693 1270 mm·
2736 1205 3192 1271 Dominatione

523 1312 801 1398 alioquin
840 1314 1010 1378 bona
1046 1314 1373 1378 habuerim
1413 1313 1600 1377 modo
1640 1335 1844 1399 neque
1880 1313 2118 1377 bonum
2156 1334 2360 1397 neque
2384 1312 2766 1377 catholicum
2793 1317 2885 1395 (ut
2908 1335 3028 1399 ego
3051 1315 3194 1399 qui-

523 1419 669 1484 dem
699 1419 911 1500 credo)
942 1440 1337 1506 responsum.
1393 1419 1552 1484 illud
1584 1422 1752 1484 enim
1784 1418 2143 1506 hujusmodi
2178 1428 2305 1484 est:
2340 1419 2513 1505 quod
2542 1420 2624 1484 ad
2656 1422 2915 1485 comitia
2936 1422 3193 1507 imperii

522 1529 789 1591 attineat
811 1536 1083 1591 tractare
1110 1525 1189 1591 de
1216 1527 1489 1592 concilio
1513 1525 1825 1604 habendo,
1857 1526 2121 1606 deloco,
2146 1525 2228 1591 de
2253 1536 2557 1613 tempore,
2588 1526 2668 1591 de
2692 1526 2902 1608 mode,
2930 1528 3193 1592 minime
3218 1543 3287 1597 10

523 1655 675 1699 vero
720 1632 800 1697 ad
847 1656 1096 1720 papam.
1187 1632 1345 1698 haec
1394 1642 1493 1698 est
1537 1655 1785 1698 summa
1830 1635 1940 1699 rei.
2018 1631 2308 1698 dicebam
2348 1655 2467 1718 ego
2514 1636 2669 1698 satis
2713 1633 3002 1701 futurum
3049 1656 3194 1700 esse

524 1742 578 1803 si
638 1741 1102 1805 sacratissimus
1163 1742 1505 1825 imperator
1559 1749 1625 1805 et
1671 1739 1887 1804 Serum
1934 1740 2362 1805 Romanorum
2421 1762 2534 1805 rex
2592 1749 2794 1805 totam
2848 1741 3013 1806 hanc
3058 1765 3195 1806 ma-

524 1849 747 1912 teriam
792 1869 939 1912 cum
982 1848 1124 1932 ipso
1171 1847 1472 1933 pontifice
1521 1848 1955 1933 suscepissent
2000 1845 2396 1911 tractandam
2459 1856 2526 1911 et
2570 1846 2654 1912 ad
2699 1846 3001 1914 effectum
3045 1872 3195 1935 per-

523 1952 897 2033 ducendam,
943 1955 1091 2040 quia
1137 1952 1302 2018 Suae
1343 1953 1717 2038 Majestates
1766 1976 1935 2018 nunc
1982 1953 2154 2017 illam
2200 1952 2389 2019 valde
2434 1964 2831 2041 promovent.
2909 1964 2972 2020 et
3018 1955 3194 2042 quod

525 2059 655 2125 Sua
685 2060 839 2124 Illm
867 2060 1239 2125 Dominatio
1284 2059 1467 2125 daret
1511 2060 1664 2125 mihi
1711 2060 1833 2126 hoc
1879 2083 2256 2146 responsum
2303 2060 2477 2147 quod
2520 2064 2803 2127 remittat
2848 2085 2918 2126 se
2964 2064 3030 2126 in
3066 2062 3193 2128 hoc
3214 2078 3287 2130 15

524 2167 789 2232 consilio
837 2177 902 2230 et
946 2165 1384 2232 deliberationi
1418 2166 1583 2232 Suae
1626 2167 1998 2233 Sanctitatis
2046 2176 2110 2232 et
2156 2167 2323 2233 Suae
2368 2167 2748 2253 Majestatis.
2838 2192 3065 2234 verum
3110 2169 3193 2234 ad

524 2272 647 2338 hoc
691 2273 1041 2360 replicabat
1070 2272 1242 2360 quod
1271 2296 1477 2360 neque
1510 2273 1771 2340 Caesari
1816 2275 2007 2340 liceat
2053 2277 2380 2362 quippiam
2424 2275 2643 2342 facere
2687 2278 2751 2339 in
2798 2298 2876 2341 eo
2922 2280 3192 2362 negocio

525 2383 661 2444 sine
724 2380 1104 2445 electoribus
1169 2389 1234 2445 εὴ
1303 2381 1574 2445 statibus
1641 2383 1921 2467 imperii,
1990 2391 2057 2447 et
2123 2382 2395 2468 denique
2463 2392 2614 2469 post
2680 2405 2934 2448 omnem
2979 2406 3193 2450 meum

525 2496 824 2551 conatum
879 2488 1124 2551 remisit
1179 2510 1279 2550 me
1338 2510 1483 2552 cum
1529 2488 1648 2553 hac
1695 2488 2102 2554 conclusione
2164 2488 2337 2575 quod
2383 2511 2500 2555 suo
2542 2488 2781 2576 judicio
2827 2513 3025 2577 super
3068 2491 3190 2557 hoc

525 2595 789 2679 negocio
865 2596 1312 2660 communicari
1396 2593 1671 2660 debeant
1738 2595 2003 2661 consilia
2075 2597 2188 2680 (ita
2254 2598 2422 2661 enim
2490 2594 2767 2677 dicebat)
2836 2595 3281 2666 Caesareaem

525 2702 904 2787 MaiestatiS,
950 2701 1294 2767 electorum
1342 2712 1408 2766 et
1453 2710 1728 2767 statuum
1778 2705 2043 2789 imperii,
2089 2713 2155 2768 et
2199 2704 2371 2789 quod
2417 2706 2540 2790 ipsi
2586 2727 2713 2769 non
2758 2706 2952 2770 liceat
2982 2729 3189 2792 neque

527 2811 757 2895 cuique
787 2809 968 2874 alteri
1016 2807 1304 2893 (addidit)
1352 2831 1421 2874 se
1467 2811 1885 2874 intromittere
1933 2819 1998 2875 et
2029 2809 2361 2875 discedere
2392 2810 2472 2876 ab
2502 2810 2604 2876 his
2635 2834 2799 2898 quae
2830 2812 3096 2878 fuerunt
3124 2817 3186 2878 in

526 2916 838 3002 prioribus
884 2918 1159 2981 comitiis
1205 2915 1479 2996 decreta,
1524 2918 1645 2980 nisi
1691 2917 1920 2981 iterum
1965 2917 2219 2982 insimul
2264 2921 2809 2984 communicentur
2854 2921 3136 2986 consilia.

704 3022 853 3088 Hoc
895 3045 1051 3089 vero
1097 3045 1471 3109 responsum
1515 3046 1617 3087 me
1663 3046 2047 3109 magnopere
2091 3025 2507 3111 perturbavit,
2551 3027 2702 3112 quia
2745 3026 2973 3093 dubito
3017 3027 3185 3114 quod

527 3131 665 3216 ipse
710 3133 1008 3217 princeps
1053 3129 1261 3195 trahet
1307 3131 1439 3195 suis
1484 3131 1710 3195 litteris
1760 3154 1998 3216 suaque
2044 3134 2427 3197 auctoritate
2473 3131 2630 3197 alios
2676 3133 2886 3199 adhuc
2933 3138 2999 3200 in
3047 3158 3184 3201 sen·
3201 3147 3274 3201 25

527 3239 791 3302 tentiam
836 3237 1024 3316 illam,
1070 3260 1273 3323 neque
1319 3239 1440 3302 erit
1484 3259 1644 3323 opus
1690 3260 1919 3322 magno
1966 3237 2214 3319 labore,
2274 3241 2423 3326 quia
2478 3262 2673 3325 quum
2717 3242 2928 3326 agitur
2970 3251 3183 3307 nostro

527 3353 813 3430 tempore
872 3344 952 3409 de
1010 3344 1419 3409 diminuenda
1462 3353 1784 3430 potestate
1830 3347 2268 3431 pontificatus,
2325 3346 2508 3410 multi
2568 3347 2761 3413 facile
2815 3352 3182 3415 assentiunt

529 3454 583 3516 si
651 3454 864 3537 itaque
931 3450 1172 3537 aliquot
1231 3453 1551 3537 principes
1612 3474 1758 3516 cum
1819 3451 1925 3515 illo
1986 3454 2307 3539 conjuncti
2366 3453 2685 3519 voluerint
2742 3463 2919 3520 stare
2980 3458 3047 3521 in
3113 3479 3183 3520 ea

529 3560 825 3644 opinione
871 3567 944 3622 ut
987 3556 1272 3642 cogenda
1318 3560 1402 3622 sit
1446 3557 1619 3623 dieta
1663 3581 1782 3644 pro
1828 3560 2078 3624 concilii
2124 3561 2407 3641 materia,
2451 3560 2651 3625 multa
2695 3571 2870 3627 certe
2907 3565 3185 3628 orientur

528 3664 712 3745 mala,
757 3663 987 3751 quibus
1033 3673 1169 3729 etas
1216 3672 1437 3730 nostra
1481 3665 1759 3752 alioquin
1792 3667 1945 3731 satis
1977 3666 2233 3732 turbata
2262 3667 2425 3732 male
2456 3666 2708 3748 habeat,
2755 3677 2821 3735 et
2855 3673 3183 3756 negocium
3197 3681 3267 3735 30

530 3770 786 3858 quidem
831 3770 980 3836 fidei
1025 3773 1353 3857 imprimis.
1430 3781 1496 3836 et
1525 3775 1686 3837 ratio
1716 3773 1876 3839 haec
1909 3782 2036 3839 est:
2085 3774 2379 3860 pontifex
2423 3795 2565 3839 meo
2594 3774 2832 3861 judicio
2864 3801 3180 3865 nunquam

529 3880 809 3965 patietur
853 3876 1046 3943 adimi
1093 3878 1216 3943 sibi
1262 3881 1702 3944 auctoritatem
1749 3902 1929 3945 suam
1961 3883 2096 3944 sine
2133 3883 2512 3947 auctoritate
2543 3883 2814 3962 concilii,
2861 3885 3016 3949 item
3060 3908 3178 3950 non

527 3988 806 4071 patietur
863 3984 1034 4073 quod
1090 3988 1216 4050 ista
1275 3988 1540 4051 materia
1596 3986 1964 4052 deffiniatur
2020 3990 2084 4052 in
2141 3988 2354 4074 aliqua
2409 3988 2582 4054 dieta
2651 3995 2981 4076 (quantum
3047 3994 3178 4079 ipse

529 4095 764 4179 poterit
829 4093 1140 4175 obviare),
1210 4102 1275 4157 et
1341 4102 1442 4159 est
1508 4093 1669 4158 bene
1740 4102 2075 4159 contentus
2142 4095 2358 4161 facere
2427 4098 2639 4161 omnia
2706 4119 2851 4162 cum
2920 4099 3175 4165 consilio

529 4197 843 4265 Cesareae
892 4207 957 4264 et
984 4198 1265 4264 Vestrae
1297 4199 1537 4286 Regiae
1567 4200 1928 4286 Maiestatis
1976 4211 2041 4265 et
2086 4201 2166 4266 ab
2199 4202 2324 4267 illis
2364 4224 2493 4268 non
2524 4203 2854 4270 discedere
2887 4213 3260 4293 tanquam35

529 4296 787 4392 optimis
857 4308 1343 4393 sapientissimis
1412 4307 1905 4393 religiosissimis
1972 4309 2385 4395 principibus.
2498 4310 2617 4376 sed
2678 4310 2854 4397 quod
2924 4312 3173 4379 deberet

530 4416 922 4479 ammittere
968 4423 1349 4500 potestatem
1387 4437 1566 4480 suam
1611 4416 1678 4478 in
1724 4424 1855 4479 tam
1901 4415 2100 4481 arduo
2142 4417 2407 4482 articulo
2452 4417 2775 4483 indicandi
2823 4421 3075 4486 concilii
3116 4429 3172 4483 et

529 4520 849 4586 statuendi
898 4520 1106 4586 locum
1153 4522 1292 4586 aliis
1337 4522 1734 4610 principibus
1783 4521 2191 4604 Germaniae,
2251 4526 2315 4588 in
2373 4547 2639 4610 quorum
2696 4548 2961 4591 numero
3005 4526 3165 4591 multi

529 4637 679 4693 sunt
724 4627 1056 4693 evidenter
1099 4628 1267 4708 mali,
1311 4637 1479 4692 certe
1525 4629 1648 4693 hoc
1695 4651 1821 4693 non
1867 4629 2081 4711 faciet,
2126 4639 2431 4717 quantum
2478 4654 2595 4718 ego
2640 4631 2852 4699 credo.
2930 4644 2994 4699 et
3036 4654 3166 4699 ecce

531 4733 634 4799 hie
681 4742 862 4798 erunt
919 4733 1214 4799 dissidia:
1283 4736 1385 4798 isti
1445 4734 1688 4799 vellent
1744 4735 1979 4800 dietam
2029 4760 2219 4823 super
2280 4741 2546 4804 materia
2589 4742 2842 4806 concilii
2891 4738 3256 4817 habendi‚40
