3500 5300
586 307 695 370 296
1451 309 1551 366 No.
1590 311 1830 367 95—96:
1869 311 2009 367 1538
2045 308 2171 366 Juni
2207 311 2384 366 2.—3.

397 512 536 562 1538
768 506 896 586 Qui
944 505 1211 571 havemo
1280 515 1526 571 trovato
1595 506 1637 570 il
1686 506 2027 571 Broderico
2094 528 2368 571 vescovo
2414 505 2724 572 Vaciense
2790 530 2830 571 a
2897 529 3089 571 nome
3149 507 3256 572 del

356 582 574 706 ὗέἓξ2
539 613 910 704 1Vayvoda
955 636 1068 700 per
1113 612 1174 677 la
1221 612 1621 678 conclusione
1683 612 1849 678 della
1907 616 2178 699 pace1),
2237 612 2424 700 quale
2482 613 2639 677 hieri
2696 636 2875 678 come
2933 636 3131 699 segno
3191 613 3257 676 di

588 721 720 785 Sua
766 719 1013 784 Santita
1057 741 1262 784 venne
1322 742 1362 783 a
1406 719 1714 784 visitarmi
1761 743 1798 783 a
1862 742 2045 783 nome
2114 718 2216 784 del
2287 722 2502 804 signor
2569 743 2717 803 suo,
2786 720 3256 806 exponendomi

585 825 985 891 l’obedientia
1053 834 1115 890 et
1184 825 1352 891 buon
1421 826 1732 891 desiderio
1803 826 1904 890 del
1973 826 2260 911 predetto
2330 827 2544 911 signor
2603 848 2716 891 suo
2775 849 2958 891 verso
3018 825 3256 890 Nostro

588 932 854 1017 signore
898 941 960 997 et
1006 934 1067 996 la
1114 932 1325 996 buona
1371 954 1678 1018 speranza
1725 932 1842 997 che
1901 932 1982 996 ha
2044 931 2204 997 della
2254 932 2656 997 conclusione
2716 931 2880 998 della
2941 954 3133 1018 pace,
3192 939 3256 996 et
3303 948 3334 1000 5

588 1039 1069 1103 exhortandomi
1118 1038 1278 1102 ch’io
1324 1039 1564 1103 volesse
1622 1039 2004 1125 persuadere
2049 1061 2088 1102 a
2137 1039 2364 1104 Nostro
2413 1039 2675 1124 Signore
2721 1063 2760 1103 a
2813 1041 3122 1103 mandare
3165 1062 3254 1102 un

588 1148 808 1209 nuntio
859 1145 919 1208 al
965 1146 1251 1231 predetto
1312 1146 1526 1231 signor
1583 1167 1696 1209 suo
1758 1168 1872 1231 per
1933 1144 2295 1209 contenerlo
2340 1147 2404 1209 in
2452 1145 2683 1228 offitio,
2743 1146 2860 1210 che
2905 1149 2958 1209 si
3003 1155 3252 1231 potesse

591 1252 851 1316 obviare
898 1276 937 1315 a
982 1251 1158 1316 molti
1205 1250 1497 1337 pericoli‚
1555 1252 1834 1316 maxime
1880 1250 2046 1315 nella
2091 1253 2354 1317 materia
2402 1250 2566 1316 della
2612 1252 2926 1338 religione.
3019 1251 3082 1315 lo
3130 1254 3252 1315 rin·

589 1360 818 1443 gratiai
889 1356 1053 1422 della
1120 1359 1307 1422 visita
1376 1357 1857 1443 promettendoli
1929 1358 2127 1422 darne
2187 1360 2408 1423 notitia
2467 1381 2504 1422 a
2551 1358 2682 1424 Sua
2727 1359 3007 1440 samita,
3078 1380 3252 1422 come

590 1466 810 1547 saccio,
857 1473 918 1528 et
964 1463 1291 1529 l'exhortai
1338 1488 1377 1528 a
1422 1464 1598 1528 voler
1643 1465 1777 1528 fare
1824 1466 1968 1529 tutti
2017 1463 2059 1529 li
2108 1463 2304 1529 debiti
2346 1464 2555 1546 officii,
2602 1465 2899 1529 accioche
2945 1486 3073 1529 non
3120 1463 3252 1527 solo
3277 1479 3333 1531 ιθ

592 1573 644 1636 si
692 1570 1100 1635 concludesse
1162 1579 1382 1657 questa
1439 1594 1628 1657 pace,
1687 1594 1794 1634 ma
1854 1593 2139 1635 nascesse
2197 1573 2384 1656 piena
2445 1570 2694 1635 fidanza
2751 1580 2848 1634 tra
2895 1572 3099 1657 questi
3143 1569 3254 1633 dui

593 1679 861 1764 principi
907 1700 1019 1763 per
1064 1677 1109 1741 il
1173 1677 1476 1742 beneficio
1525 1675 1689 1742 della
1736 1677 2162 1743 Christianita.
2256 1685 2478 1764 questa
2526 1678 2790 1741 mattina
2835 1677 2968 1743 Sua
3011 1676 3255 1741 Mass&

593 1792 775 1848 extra
817 1786 1033 1848 dentes
1077 1786 1166 1847 mi
1212 1783 1294 1847 ha
1339 1783 1510 1848 detto
1555 1783 1618 1847 la
1663 1806 1819 1869 paee
1865 1806 2068 1849 essere
2116 1783 2478 1849 totalmente
2526 1782 2825 1848 conclusa
2869 1792 2932 1848 et
2977 1782 3255 1847 stabilita

594 1902 656 1955 et
702 1890 817 1955 che
863 1890 922 1955 lo
969 1890 1336 1974 significassi
1385 1913 1424 1953 a
1468 1891 1599 1956 Sua
1645 1891 1911 1973 Samius,
1959 1900 2371 1977 quantunque
2414 1912 2528 1976 per
2574 1888 2840 2005 qualche
2886 1890 3128 1975 rispetti
3170 1888 3256 1952 ad

594 1999 891 2062 instantia
939 1996 1042 2061 del
1088 1997 1374 2081 predetto
1422 1996 1738 2083 Vayvoda
1785 1997 1837 2060 si
1883 2005 2125 2062 tenesse
2171 1996 2435 2061 occulta.
3275 2012 3334 2064 15

774 2104 1013 2184 Questo
1061 2103 1426 2187 monsignor
1470 2103 1815 2168 Broderico
1877 2104 1966 2167 mi
2012 2103 2216 2167 havea
2260 2105 2370 2188 gia
2413 2104 2569 2168 fatto
2617 2104 2915 2168 instantia
2961 2102 3080 2167 che
3125 2101 3258 2167 Sua

597 2210 845 2276 Santita
889 2208 1221 2274 mandasse
1267 2232 1352 2274 un
1400 2211 1666 2289 nuncio;
1725 2209 1772 2273 il
1830 2210 1945 2275 che
1992 2212 2080 2274 mi
2124 2232 2311 2295 parse
2356 2211 2824 2296 commum‘care
2872 2233 2992 2274 con
3037 2218 3259 2296 queem

596 2317 841 2381 Maesta
886 2339 998 2402 per
1056 2315 1353 2402 explorar
1409 2314 1471 2379 lo
1517 2318 1729 2380 animo
1777 2339 1906 2382 suo.
1978 2325 2040 2381 et
2099 2315 2455 2381 havendolo
2519 2318 2983 2381 communicato
3032 2337 3150 2379 con
3194 2313 3258 2378 la

597 2424 843 2489 Maesta
889 2425 1019 2488 Sua
1065 2425 1149 2486 mi
1217 2424 1454 2507 rispose
1499 2423 1615 2487 che
1675 2425 1821 2487 sara
1877 2424 2228 2487 necessario
2284 2444 2399 2509 per
2443 2445 2819 2509 componere
2864 2422 2924 2486 le
2969 2445 3113 2487 cose
3155 2443 3255 2486 ec-

599 2529 939 2594 clesiastice
986 2530 1048 2593 di
1097 2532 1297 2616 questi
1331 2532 1583 2595 vescovi
1632 2529 1695 2594 di
1730 2528 2104 2615 Hungheria
2148 2529 2417 2594 mandar
2458 2566 2541 2576 —
2589 2552 2703 2615 per
2746 2553 2898 2594 usar
2941 2528 3002 2594 le
3046 2526 3256 2615 parole
3273 2543 3335 2596 20

598 2660 710 2702 sue
758 2674 840 2684 —-
889 2660 925 2701 o
973 2637 1290 2702 l’autoritl)¹
1336 2662 1375 2701 a
1420 2660 1521 2701 me
1568 2660 1759 2701 overo
1807 2634 2075 2723 qualche
2132 2635 2293 2701 altro
2354 2636 2605 2720 nunti03
2666 2660 2770 2700 ma
2817 2636 2935 2701 che
2983 2634 3256 2701 anchora

598 2768 726 2808 non
775 2767 885 2808 era
930 2752 1158 2829 tempo,
1204 2744 1439 2830 perche
1485 2743 1742 2831 quando
1790 2744 1959 2808 fusse
2005 2750 2168 2807 stato
2215 2742 2257 2806 il
2305 2751 2533 2829 tempo,
2579 2743 2622 2807 il
2655 2743 2772 2808 che
2817 2744 2989 2807 saria·
3033 2751 3255 2829 prest0,

600 2852 729 2916 Sua
775 2834 1018 2914 Maesta
1063 2871 1171 2914 era
1217 2852 1525 2915 ricercata
1569 2858 1632 2915 et
1679 2849 1958 2936 obligata
2003 2872 2344 2936 procurare
2390 2871 2688 2936 appresso
2733 2850 2866 2915 Sua
2909 2849 3158 2915 Santita
3197 2848 3256 2912 la

602 2958 1076 3022 confirmatione
1123 2956 1202 3021 de
1248 2956 1357 3021 tali
1403 2957 1644 3042 perlati.

781 3063 876 3127 Ne
923 3064 1081 3127 altro
1129 3063 1511 3129 occorrendo
1557 3069 1661 3128 etc.
3273 3072 3332 3130 95

366 3187 510 3242 ,Τρωὶ
545 3191 584 3242 2
782 3169 867 3234 Di
913 3170 1325 3234 Wratislavia
1370 3168 1475 3233 alli
1524 3181 1560 3236 2
1610 3170 1674 3234 di
1719 3172 1956 3255 giugno
2010 3179 2196 3237 1538.

373 3456 515 3509 Juni
553 3459 588 3508 3
604 3439 720 3505 96.
811 3437 1075 3502 Mormw
1119 3459 1207 3500 (ιη
1250 3424 1570 3501 Fames-e:
1629 3436 1960 3501 Riecklcehr
2017 3436 2291 3513 Laslw'S,
2351 3437 2461 3498 dm·
2513 3436 2628 3499 mit
2695 3436 2836 3499 dem
2895 3437 3267 3517 Erffldsehof

603 3565 723 3608 von
771 3544 966 3608 Luml
1007 3565 1151 3609 zum
1213 3544 1544 3608 Woivoden
1598 3564 1918 3625 yeyanyen
1977 3564 2146 3619 wa›·‚·
2231 3542 2730 3623 Wicltzihriyloeit
2787 3543 2895 3607 des
2964 3543 3262 3618 letzterm,

605 3652 737 3733 (last
783 3651 870 3715 K.
917 3650 1300 3715 Ferdinand
1348 3650 1545 3714 Buda
1590 3651 1860 3714 besetzen
1905 3655 2086 3732 moye.
2183 3649 2592 3730 Hoffnunyen
2648 3650 2752 3712 des
2798 3649 3097 3713 Nuntius
3150 3650 3275 3730 auf

606 3757 1229 3822 Zusammmwirken
1274 3756 1478 3821 beider
1519 3777 1704 3838 yeyen
1750 3757 1851 3820 die
1889 3755 2149 3832 Tib-ken,
2197 3756 2329 3836 auf
2347 3754 2688 3837 Anschlzfi
2719 3754 2949 3819 Potens
2995 3757 3136 3820 und
3162 3757 3338 3821 ‹iera›

604 3864 878 3929 Moldau
922 3864 1058 3926 und
1100 3865 1191 3925 im
1235 3863 1422 3927 Falla
1465 3864 1573 3925 des
1612 3862 1952 3943 Gelinyens
1997 3862 2106 3925 der
2155 3862 2684 3942 Verhamllunyen
2715 3863 2827 3924 mit
2876 3863 2998 3925 den
3033 3863 3261 3926 Lause·

605 3993 841 4035 ranem
892 3970 1219 4051 Einiyuny
1264 3970 1371 4033 des
1412 3990 1649 4049 ,clamen
1707 3969 2045 4032 (kce‘dcnta
2137 3971 2302 4033 1538
2348 3968 2408 4034 J
2403 3969 2520 4031 uni
2566 3972 2608 4029 3
2657 3967 2952 4032 Rreslau.

606 4135 655 4142 -—
742 4136 767 4141 k
866 4136 901 4140 --
908 4134 947 4140 ⁶-
1018 4134 1081 4139 —

756 4237 796 4304 ¹)
837 4240 943 4291 Am
982 4242 1017 4289 9
1053 4237 1196 4291 Jum'
1236 4265 1299 4275 —
1338 4238 1476 4290 noch
1514 4254 1617 4289 ron
1654 4237 1892 4290 Breslau
1930 4253 2030 4289 aus
2069 4265 2134 4273 -
2173 4236 2379 4290 schvieb
2418 4235 2731 4305 Stephanus
2761 4236 3093 4291 Broderieus
3131 4237 3261 4291 elec·

606 4336 699 4382 tus
735 4327 1023 4382 Vatciensis
1060 4344 1137 4379 an
1173 4326 1278 4379 den
1316 4325 1521 4393 Papst:
1557 4342 1615 4379 er
1651 4327 1729 4379 sei
1767 4324 1884 4379 hier
1920 4326 1983 4378 in
2018 4323 2229 4378 Sachen
2278 4324 2372 4379 cles
2418 4324 2850 4393 Unqarsviedens
2900 4326 2984 4379 bei
3024 4325 3097 4378 K.
3138 4325 3262 4379 Fer·

608 4416 826 4470 dinami
859 4431 1093 4486 yewesen
1136 4415 1253 4467 und
1270 4415 1409 4468 habe
1443 4415 1680 4468 vielerlei
1714 4415 1813 4468 mit
1839 4415 2068 4468 Morene
2108 4414 2450 4482 besprochen,
2489 4414 2587 4467 wie
2623 4414 2800 4467 dieser
2836 4415 2942 4468 wel
2976 4414 3076 4468 der
3105 4415 3332 4469 Gur-ie&

607 4505 859 4557 berichtct
897 4505 1072 4557 haben
1108 4504 1296 4556 werde.
1371 4503 1456 4555 Er
1496 4503 1783 4557 versichert
1821 4503 1909 4556 dic
1946 4503 2309 4571 Erqebenheit
2343 4503 2517 4556 seines
2553 4501 2746 4556 Herm
2781 4501 3006 4572 Ko'm'ys
3041 4503 3260 4558 Johnson

606 4609 776 4659 yeyen
813 4593 920 4644 den
955 4592 1005 4644 Ιι.
1043 4592 1208 4644 Stuhl
1259 4591 1379 4645 und
1433 4592 1587 4645 bittet
1645 4592 1753 4644 den
1793 4592 1963 4659 Papst
2020 4591 2253 4646 cler-selbo
2298 4597 2449 4660 ηιόρο
2505 4591 2692 4645 talem·
2717 4607 2785 4645 ac
2836 4598 3058 4645 tantum
3095 4590 3260 4646 fllium

609 4678 844 4750 benigne
879 4680 1156 4750 amplecti.
1228 4679 1482 4747 Florem,
1519 4681 1687 4734 Arch.
1727 4680 1788 4733 di
1824 4680 1981 4733 Staio
2009 4678 2173 4734 Carte
2202 4680 2524 4735 Cerviniane
2552 4678 2708 4733 Filza
2740 4680 2812 4734 36
2849 4697 2932 4733 nr.
2969 4681 3044 4735 64
3074 4679 3218 4753 Θήρ.
