3500 5300
244 1535 277 1599 1
296 1537 348 1600 *.
442 1532 712 1598 Thomas
760 1532 1147 1616 Campeyyt”s
1178 1534 1472 1617 Bischofs
1515 1559 1631 1602 von
1661 1536 1733 1602 F
1723 1536 1870 1601 eltre
1903 1536 2397 1620 Beantwortuny
2443 1539 2550 1602 der
2593 1539 2888 1603 Hundert
2939 1542 3080 1593 1536

251 1640 637 1704 G-ravamina
683 1640 791 1705 der
835 1641 1162 1705 deutschen
1209 1642 1466 1707 Nation.
1559 1647 1727 1709 1536
1774 1643 2047 1729 [Rom]

372 1783 493 1836 Aus
528 1781 687 1849 Rom,
725 1783 889 1836 Arch.
936 1783 1057 1837 Vat.
1096 1782 1312 1838 Armar.
1353 1786 1421 1839 64
1460 1784 1581 1840 Vol.
1624 1787 1650 1838 1
1692 1784 1786 1839 fol.
1825 1785 2107 1839 218-259
2156 1785 2301 1850 (und
2351 1786 2641 1840 besonders
2675 1785 2887 1850 soliiert

444 1873 643 1939 1—42)
678 1888 858 1925 eoaev.
918 1902 979 1911 ——
1044 1872 1293 1926 Frt'lhere
1331 1873 1593 1944 Fassunq
1629 1872 1799 1943 [Red.
1851 1872 1912 1942 1]
1961 1874 2343 1941 ebendaselbst,
2396 1874 2542 1928 Bibl.
2593 1873 2713 1928 Vae.
2753 1874 2883 1929 Cod.

188 1965 220 2020 5
443 1959 569 2014 Vat.
607 1961 749 2014 3892
786 1959 878 2013 fol.
918 1961 1166 2014 40—129
1204 1962 1590 2031 eiqenhc’imdiy,
1619 1961 1740 2015 und
1759 1962 1907 2015 Bibe.
1930 1960 2136 2016 Coi-sin.
2159 1961 2288 2017 cod.
2330 1963 2433 2016 244
2471 1962 2563 2016 fol.
2604 1964 2887 2017 239—390

440 2048 726 2114 Abschrift
764 2048 856 2102 des
890 2051 973 2102 18.
1012 2049 1435 2105 Jahrhundms.

406 2171 749 2258 Responsio
811 2179 874 2236 et
929 2172 1276 2237 moderatio
1347 2173 1428 2237 ad
1497 2182 1748 2238 centum
1811 2175 2186 2259 gravamina
2242 2174 2706 2240 Germanorum
2769 2199 2885 2261 per

233 2275 541 2341 Thomam
588 2279 951 2364 episcopum
1000 2278 1388 2344 Feltrensem
1436 2302 1603 2344 anno
1658 2289 1841 2347 1536.

404 2387 459 2447 1.
551 2384 726 2449 Inter
752 2385 806 2473 ⁸)
854 2407 1045 2450 onera
1076 2387 1331 2471 ponitur
1376 2385 1668 2451 humanis
1701 2386 2255 2451 constitutionibus
2301 2387 2498 2452 multa
2544 2387 2883 2474 prohiberi,

140 2506 210 2560 10
225 2490 373 2555 item
421 2489 621 2555 multa
666 2492 963 2577 imperari
1010 2514 1132 2579 que
1179 2491 1349 2557 nullo
1394 2492 1614 2557 divino
1660 2501 1959 2579 precepto
2025 2493 2125 2557 vel
2185 2494 2520 2559 interdicta
2578 2503 2724 2559 sunt
2780 2495 2882 2560 vel

222 2596 564 2683 imperata:
625 2619 748 2685 quo
805 2600 857 2663 si
916 2621 1031 2685 per
1077 2600 1290 2665 omnia
1334 2598 1609 2665 humane
1655 2599 2043 2664 damnantur
2093 2599 2292 2686 leges,
2342 2609 2556 2688 aperte
2601 2601 2881 2688 apostolo

222 2704 703 2787 contradicitur,
764 2706 872 2793 qui
919 2706 1003 2771 ad
1068 2707 1387 2771 Romanos
1452 2717 1533 2773 13
1570 2710 1618 2792 ¹)
1679 2709 1960 2793 precepit
2023 2715 2091 2771 ut
2160 2709 2363 2772 omnis
2431 2710 2644 2773 anima
2709 2720 2874 2795 pote·

220 2808 490 2875 statibus
535 2810 1005 2876 sublimioribus
1051 2812 1304 2878 subdita
1348 2815 1458 2895 sit,
1521 2835 1665 2878 cum
1722 2837 1848 2877 non
1897 2815 1978 2877 sit
2023 2822 2298 2900 potestas
2344 2815 2462 2878 nisi
2510 2838 2548 2879 a
2592 2814 2762 2897 Deo,
2820 2827 2881 2880 et

218 2918 332 3003 qui
375 2919 669 3002 potestati
716 2921 972 3001 resistit,
1035 2919 1156 2985 Dei
1204 2920 1581 2984 ordinationi
1628 2921 1895 2984 resistat.
1987 2931 2049 2984 et
2107 2920 2190 2985 ad
2250 2921 2467 2985 Titum
2520 2933 2556 2988 3
2586 2922 2670 3009 ²),
2733 2945 2876 2987 cuni

126 3038 198 3092 15
216 3044 337 3088 nos
390 3024 718 3090 admonuit
777 3024 1167 3112 principibus
1228 3035 1289 3090 et
1348 3025 1763 3112 potestatibus
1823 3014 2109 3090 subditos
2169 3049 2301 3091 esse
2362 3037 2424 3091 et
2484 3030 2880 3114 magistratui

215 3129 513 3213 obedire3
573 3154 649 3195 ac
698 3132 916 3213 peti-0,
977 3134 1082 3219 qui
1143 3132 1408 3219 epistola
1454 3155 1568 3197 sua
1628 3155 1678 3196 c.
1730 3144 1767 3198 2
1798 3134 1853 3217 ³)
1910 3134 2193 3219 precepit
2251 3142 2321 3198 ut
2367 3133 2632 3220 subjecti
2686 3137 2880 3205 simus

212 3238 394 3300 omni
441 3235 713 3302 humane
760 3246 1044 3303 creature
1092 3246 1349 3326 propter
1395 3239 1720 3304 dominum
1768 3241 1900 3303 sive
1946 3241 2080 3324 regi
2126 3242 2305 3326 quasi
2338 3240 2697 3326 precellenti
2746 3243 2879 3307 sive

209 3342 494 3407 ducibus
539 3352 839 3431 tanquam
887 3368 926 3408 a
956 3344 1094 3409 Deo
1140 3347 1344 3409 missis
1390 3346 1471 3410 ad
1502 3345 1850 3411 vindictam
1885 3344 2378 3428 malefactorum,
2426 3345 2679 3412 laudem
2726 3370 2877 3412 vero

208 3446 567 3513 bonorum:
628 3453 778 3515 satis
837 3453 1003 3514 enim
1068 3458 1312 3515 constat
1372 3450 1766 3538 principibus
1827 3475 1950 3515 non
2012 3451 2268 3516 obedire
2325 3462 2388 3517 et
2446 3454 2536 3517 eis
2593 3456 2878 3518 resistere

106 3572 185 3623 20
207 3556 325 3641 qui
375 3578 593 3621 eorum
640 3558 990 3621 sanctiones
1037 3581 1162 3621 non
1209 3558 1519 3644 recipiunt
1544 3557 1618 3645 b).
1695 3559 1786 3622 ita
1832 3566 2040 3621 autem
2082 3558 2281 3622 voluit
2320 3557 2622 3624 Servator
2669 3568 2879 3624 noster

363 3832 406 3871 a)
436 3824 553 3864 Busta
582 3823 833 3865 Beana-timu.-
873 3824 994 3864 Inter
1022 3823 1190 3873 reliqu·
1220 3834 1352 3864 onera
1379 3824 1449 3863 vel
1488 3823 1599 3863 illud
1632 3823 1807 3864 minime
1835 3825 2054 3874 postremo
2084 3825 2177 3865 loco
2207 3825 2277 3865 est
2304 3824 2603 3865 collocandum
2632 3824 2744 3875 quod
2771 3835 2876 3865 cou-

199 3893 526 3934 ditationibus
556 3894 760 3935 humanis
790 3894 929 3935 multa
958 3894 1255 3945 prohibentur.
1287 3895 1550 3945 imperantur
1579 3894 1682 3934 item
1703 3894 1840 3934 muita
1868 3905 1950 3943 que
1982 3894 2103 3935 nullo
2131 3894 2279 3935 divino
2317 3897 2516 3946 precepto
2547 3895 2614 3935 vel
2645 3894 2878 3936 interdieta

198 3965 321 4005 nunt
354 3965 423 4005 vel
453 3965 664 4016 imperata
694 3994 705 4005 .
741 3995 751 4005 .
785 3996 795 4006 .

362 4037 548 4087 Respon.
606 4036 698 4076 Non
727 4036 941 4077 eredimus
970 4049 1044 4077 eos
1073 4037 1149 4087 qui
1178 4036 1481 4076 Cumanorum
1512 4035 1683 4076 nomine
1712 4035 1795 4076 hee
1823 4036 2074 4086 gras-mins
2100 4035 2297 4083 edidere,
2329 4035 2525 4077 volutus
2553 4035 2598 4076 in
2628 4035 2875 4077 universum
2901 4063 2920 4096 ι

90 4092 175 4145 25
197 4106 431 4147 humanas
450 4107 652 4148 damnare
673 4107 1030 4153 constitutiones,
1059 4118 1167 4157 quaa
1187 4108 1365 4148 constat
1384 4108 1651 4148 servatorem
1673 4108 1868 4148 nostrum
1887 4117 1971 4148 uon
1993 4106 2282 4158 improba-se,
2314 4116 2411 4147 cum
2428 4105 2565 4147 dixin
2595 4106 2764 4147 reddite
2792 4117 2875 4156 que

193 4178 319 4218 sunt
350 4177 526 4219 esuris
547 4177 693 4220 Conari
721 4179 768 4219 et.
795 4189 878 4228 que
906 4179 1011 4219 sunt
1037 4177 1121 4219 Dei
1148 4177 1254 4225 Deo,
1283 4177 1421 4219 larci
1454 4181 1501 4218 18
1529 4180 1585 4227 [ο.
1619 4180 1702 4227 17].
1733 4179 1780 4218 ot
1807 4189 1915 4227 quos
1943 4177 2170 4228 apostolus
2198 4177 2242 4217 in
2273 4176 2343 4217 sni
2372 4177 2581 4218 auxilium
2611 4176 2871 4228 imploravit,

192 4260 308 4290 cum
343 4248 459 4291 dixit
486 4251 583 4291 Act.
612 4253 664 4290 2³
693 4252 749 4299 [υ.
779 4250 859 4299 81:
889 4251 937 4290 tu
968 4250 1126 4290 sedens
1153 4249 1332 4301 juliens
1359 4260 1426 4290 me
1457 4249 1694 4290 secundum
1723 4249 1867 4300 legem
1896 4249 1942 4288 et
1969 4249 2120 4289 contra
2149 4248 2288 4299 legem
2311 4248 2440 4299 juben
2468 4259 2536 4289 me
2561 4249 2748 4300 percuti.

360 4321 425 4361 Ad
465 4331 611 4362 earum
650 4323 797 4361 autom
833 4321 1155 4362 observantiam
1195 4332 1273 4361 nos
1312 4320 1453 4362 teneri
1492 4319 1660 4361 indicat
1698 4320 1812 4361 illud
1840 4320 1897 4360 ad
1928 4320 2045 4360 Rom.
2089 4324 2152 4366 13.
2193 4330 2287 4359 cum
2328 4319 2525 4370 precepit
2563 4320 2789 4371 apostolus
2826 4322 2877 4360 nt

188 4391 357 4433 omniu
386 4390 530 4432 anim
560 4404 603 4431 u.
632 4403 667 4432 ε.
696 4404 744 4432 w.

76 4447 167 4501 30
362 4462 407 4511 b)
437 4463 550 4504 stan
579 4474 663 4504 non
692 4462 907 4514 recipiunt
934 4462 996 4504 ita
1012 4464 1198 4515 ansoemys
1225 4474 1309 4504 non
1330 4462 1586 4504 admittunt.
1617 4462 1664 4503 ἱιι
1691 4462 1890 4513 tuntum
1921 4462 2098 4503 latrum
2127 4463 2181 4503 is!
2202 4462 2363 4513 Iaewey
2389 4462 2461 4502 der
2479 4463 2610 4503 ersten
2633 4461 2872 4504 andanem..

364 4589 401 4657 ¹)
440 4587 593 4643 Rota.
629 4592 698 4643 13
732 4606 781 4642 v.
820 4592 975 4643 1—2.

360 4676 401 4747 ²)
448 4677 548 4733 Tit.
587 4682 623 4731 3
657 4696 703 4732 v.
741 4683 787 4732 1.

362 4767 710 4839 ⁸)1Pm.2
747 4766 942 4835 v.13f.
