3500 5300
363 502 502 552 1533

312 569 439 624 Juli
473 574 540 624 10

290 936 435 993 Juni
459 940 537 991 20

337 2549 462 2604 Juli
486 2552 555 2601 10

335 2765 459 2819 Juli
487 2767 551 2817 15

558 298 661 359 104
1404 300 1504 355 No.
1539 302 1776 354 16—17:
1819 300 1956 354 1533
1991 300 2102 353 Juli
2133 301 2201 354 10
2225 301 2359 354 -15.

557 505 776 584 questo
824 497 948 561 ΒΜ
995 494 1278 561 cardinal
1337 518 1437 560 me
1490 495 1748 559 infiama
1808 517 1847 559 a
1905 493 2091 571 far10,
2152 496 2211 560 io
2273 495 2436 560 vedo
2497 494 2614 560 che
2672 494 2904 582 l'opera
2965 496 3001 560 e
3049 495 3217 560 bona

557 611 621 668 et
665 604 1048 669 necessaria:
1096 602 1157 667 la
1202 604 1340 667 farb
1385 602 1870 667 ardentemente.

734 710 1193 776 L'infrascritto
1241 708 1517 796 capitulo
1564 710 1599 772 ὲ
1646 709 1838 773 d'una
1882 707 2104 773 lettera
2149 709 2510 791 d'Erasmo,
2559 709 2655 774 col
2702 708 2888 796 quale
2935 708 3015 774 ho
3063 709 3219 773 satta

558 817 728 883 bona
793 818 1075 883 amicitia
1140 826 1205 883 et
1272 839 1480 904 spesse
1546 815 1692 881 fiate
1751 837 1818 880 se
1887 816 2200 881 scrivamo
2234 821 2298 901 ¹).
2394 816 2431 880 ὲ
2475 815 2634 880 hora
2678 818 2744 880 in
2791 814 3111 902 Friburgo
3156 825 3220 881 et

558 927 763 991 scrive
808 924 916 989 alli
964 935 1048 992 20
1094 924 1160 989 di
1206 946 1444 1010 zugno:
3271 935 3303 986 5

738 1033 973 1116 „Varii
1020 1041 1167 1097 sunt
1212 1031 1493 1117 undique
1538 1052 1750 1094 rerum
1812 1036 2023 1094 motus
2068 1052 2144 1093 ac
2193 1032 2429 1114 minae,
2490 1041 2561 1094 ut
2606 1037 2753 1094 sunt
2797 1029 3216 1095 humanorum

560 1138 960 1206 consiliorum
1008 1136 1335 1221 tumultus,
1397 1158 1554 1223 quos
1612 1135 1931 1200 Homerus
1989 1158 2345 1201 mussarum
2407 1139 2630 1201 turmis
2676 1145 3013 1224 comparat.
3110 1138 3218 1203 sed

559 1246 805 1312 celestis
860 1244 1028 1311 illius
1082 1245 1342 1309 artificis
1398 1241 1819 1329 incogitabilis
1878 1245 2186 1330 sapientia
2244 1243 2495 1309 bonitas
2554 1254 2616 1310 et
2675 1244 3007 1310 clementia
3066 1244 3219 1310 mihi

562 1376 738 1440 spem
784 1352 1015 1418 bonam
1064 1353 1219 1417 facit
1275 1351 1407 1415 fore
1453 1359 1523 1414 ut
1570 1348 1725 1414 haec
1787 1353 1999 1414 omnia
2061 1358 2387 1416 vertantur
2445 1352 2511 1415 in
2570 1351 2816 1438 piorum
2863 1352 3112 1417 lucrum
3159 1361 3222 1417 et

564 1463 759 1549 ipsius
803 1460 1085 1548 gloriam.
1167 1459 1304 1545 jam
1353 1457 1453 1521 hic
1522 1464 1816 1521 constans
1879 1480 2096 1523 rumor
2153 1466 2247 1522 est
2302 1458 2441 1544 jam
2500 1460 2729 1523 coitam
2798 1460 2962 1524 inter
3008 1482 3219 1546 regem
3246 1469 3308 1521 10

563 1565 1044 1633 Ferdinandum
1093 1572 1156 1630 et
1200 1565 1443 1629 Turcas
1489 1564 1894 1628 concordiam
1942 1566 2094 1628 satis
2125 1567 2300 1653 equis
2348 1564 2834 1649 conditionibus,
2880 1589 3107 1652 nempe
3153 1575 3223 1631 ut

563 1673 955 1739 Ferdinandi
1002 1675 1083 1736 sit
1126 1672 1446 1758 Ungaria‚
1506 1672 2042 1758 quemadmodum
2105 1673 2224 1738 fuit
2280 1672 2596 1738 Ludovici
2642 1673 2938 1739 defuncti.
3032 1698 3221 1739 evan-

564 1779 746 1867 gelici
794 1781 884 1844 sic
929 1801 1061 1843 rem
1106 1786 1339 1865 gerunt
1382 1779 1561 1866 quasi
1607 1777 1835 1844 ludant
1879 1777 2040 1846 talis.
2091 1780 2242 1866 quid
2290 1780 2592 1846 acciderit
2637 1781 3024 1865 Monasterii,
3071 1780 3223 1868 quid

565 1888 774 1953 Susati
819 1885 1076 1972 longum
1124 1887 1203 1949 sit
1248 1883 1553 1967 scribere3
1611 1884 1760 1972 quid
1810 1909 2013 1972 nuper
2058 1886 2406 1973 Augustae,
2453 1911 2577 1952 non
2628 1886 2847 1953 dubito
2896 1890 3045 1975 quin
3085 1889 3222 1975 jam

564 1993 936 2081 perceperis.
1050 1991 1260 2058 Susati
1328 1991 1667 2056 tumultum
1736 1994 2043 2057 excitavit
2109 1994 2551 2058 dominicanus
2632 1994 2891 2081 quidam
2970 2017 3007 2059 e
3076 1994 3228 2059 locis
3249 2003 3310 2055 15

567 2098 997 2188 compluribus
1045 2098 1126 2163 ob
1173 2099 1342 2164 furta
1387 2100 1723 2186 profugus}
1771 2099 2227 2166 Francfordiae
2258 2101 2517 2188 quidam
2551 2100 2698 2166 huic
2739 2124 2864 2166 non
2911 2101 3228 2166 dissimilis

566 2232 735 2274 nova
778 2208 858 2272 de
903 2207 1236 2272 eucaristia
1283 2208 1431 2271 serit
1493 2205 1809 2292 dogmata.
1905 2205 2306 2272 Lubecenses
2363 2206 2600 2273 bellum
2658 2207 3026 2273 indixerunt
3073 2208 3226 2273 Hol-

568 2316 824 2382 landis“
869 2323 985 2381 etc.

751 2423 844 2488 Mi
888 2420 1309 2488 raccomando
1356 2423 1420 2484 in
1469 2419 1637 2486 bona
1682 2422 1887 2508 gratia
1933 2422 1996 2486 di
2043 2422 2120 2486 V.
2170 2423 2230 2488 S.

750 2530 839 2594 Di
885 2530 1092 2594 Viena
1135 2527 1244 2594 alli
1296 2538 1376 2595 10
1423 2528 1489 2592 di
1537 2527 1731 2615 luglio
1778 2527 1879 2593 del
1932 2539 2118 2597 1533.
3252 2539 3317 2591 20

572 2764 681 2831 17.
790 2763 1083 2845 Veryerio
1140 2782 1228 2825 an
1273 2758 1592 2825 Salviati:
1653 2761 1901 2828 benutzt
1948 2762 2087 2826 eine
2131 2762 2266 2825 sich
2312 2762 2592 2827 bietcmde
2641 2762 3042 2845 Geleyenheit
3088 2784 3235 2828 zum

571 2871 907 2938 Schreiben
951 2869 1092 2934 und
1135 2868 1452 2946 bedauert‚
1500 2868 1631 2951 dast
1675 2869 1883 2932 nichts
1921 2889 2042 2933 von
2072 2868 2452 2952 Bedeutuny
2497 2870 2769 2952 vorlieyt.
2875 2870 3071 2935 Wird
3115 2871 3234 2936 den

573 2978 795 3060 Kimiy
839 2977 1028 3041 End-e
1073 2976 1181 3040 des
1226 2975 1491 3039 Monats
1535 2976 1703 3040 nach
1747 2975 2039 3041 Beshmen
2085 2977 2396 3059 beyleiten.
2490 2977 2773 3042 Erhc‘ihte
2819 2977 3085 3056 Kosten,
3133 2979 3236 3043 die

573 3085 865 3151 Nuntius
940 3082 1507 3166 ylizcklicherweise
1587 3102 1709 3146 aas
1787 3083 2043 3165 eiyenen
2111 3083 2375 3149 Mitteln
2459 3084 2846 3149 einstweilen
2909 3085 3236 3150 bestreiten

573 3193 768 3257 kann.
874 3178 1317 3273 Ubertrayunq
1363 3190 1537 3254 eines
1583 3189 2015 3270 Beneficiums
2059 3191 2173 3255 der
2224 3191 2543 3257 Olmit’tzer
2577 3190 2831 3278 ‘Kirche
2885 3192 3019 3273 auf
3050 3193 3236 3256 einen
3253 3200 3318 3253 25

576 3298 825 3380 Sdnyer
855 3297 940 3362 K.
967 3296 1385 3361 Ferdinands
1415 3296 1547 3378 auf
1580 3295 1861 3361 Wunsch
1894 3297 2002 3361 des
2034 3297 2337 3363 letderen.
2407 3298 3071 3382 Gewissenhaftiykeit
3101 3300 3240 3363 und

576 3405 988 3488 Reliyiositcit
1032 3404 1138 3468 des
1182 3403 1450 3486 Κόηἰρε.
1543 3407 1711 3467 1533
1760 3403 1913 3469 Juli
1957 3406 2035 3468 15
2094 3404 2298 3470 Wien.

719 3550 842 3601 Aua
877 3547 1035 3615 Rom,
1072 3547 1238 3601 Arch.
1289 3547 1409 3601 Vat.
1446 3547 1623 3602 Nunz.
1661 3547 1719 3601 di
1754 3546 1941 3603 Germ.
1979 3546 2101 3603 Vol.
2141 3550 2210 3603 56
2247 3548 2340 3602 fol.
2381 3550 2449 3602 56
2492 3549 2640 3618 Θήρ.

758 3673 996 3753 Questo
1042 3671 1170 3736 R¹¹¹⁰
1219 3671 1522 3757 cardinal,
1569 3673 1904 3739 scrivendo
1951 3672 2141 3759 hoggi
2188 3695 2228 3736 a
2273 3673 2510 3739 Trento
2525 3723 2544 3756 ‚
2590 3675 2677 3737 mi
2722 3673 2807 3739 ha
2851 3674 3157 3739 mandato
3202 3698 3239 3739 a

580 3781 716 3846 dire
760 3779 877 3845 che
946 3779 1137 3843 etiam
1197 3778 1320 3845 allo
1369 3790 1632 3871 agente,
1700 3780 1839 3846 ch'e
1884 3782 1952 3846 in
1996 3781 2199 3846 Roma
2226 3781 2311 3867 ²),
2384 3781 2435 3845 si
2504 3802 2613 3844 era
2672 3802 2785 3868 per
2828 3782 3070 3847 scriver
3117 3804 3240 3847 una
3256 3788 3322 3842 30

582 3979 716 4045 den,
766 3977 1036 4031 numnam·
1083 3977 1227 4031 auch
1271 3977 1348 4031 im
1384 3976 1571 4031 Besitz
1618 3978 1770 4030 einer
1803 3977 2139 4047 nevaerdinys
2182 3977 2467 4046 erlanyten
2505 3976 2760 4043 Pfribnde
2795 3978 2856 4030 in
2894 3977 2993 4031 der
3029 3978 3240 4033 Kirche

583 4068 639 4123 S.
679 4067 905 4121 Mariae
953 4065 1032 4119 ad
1078 4065 1310 4121 Gradus
1361 4082 1434 4119 zu
1483 4067 1680 4120 Mainz
1735 4066 1965 4120 bedroht
2019 4065 2209 4121 werde.
2282 4066 2425 4120 Rom
2433 4106 2451 4133 ,
2500 4066 2667 4121 Arch.
2713 4066 2834 4120 Vat.
2882 4066 3110 4122 Lettere
3157 4068 3239 4122 de'

583 4155 820 4227 principi
856 4154 981 4211 Vol.
1020 4156 1054 4210 8
1091 4154 1184 4209 fol.
1222 4156 1292 4209 99
1334 4154 1485 4224 Oriy.
1539 4185 1605 4192 —
1656 4153 1850 4219 Briefe
1888 4154 2113 4209 Fabri's
2158 4172 2234 4207 tm
2277 4156 2532 4224 γεγρα-ἑο
2568 4172 2675 4209 aus
2713 4155 2819 4210 den
2854 4156 3072 4211 Jahren
3106 4160 3240 4211 1534

583 4246 665 4301 bis
704 4248 846 4299 1536
880 4244 1010 4300 sind
1046 4261 1149 4298 aua
1185 4243 1284 4298 der
1319 4244 1458 4298 oben
1493 4244 1810 4298 erwcihnten
1837 4243 2208 4310 Handschm'ft
2244 4245 2343 4298 der
2379 4245 2684 4299 Marciana
2719 4262 2824 4301 von
2850 4246 3148 4302 Horawitz
3181 4247 3240 4301 in

584 4336 681 4391 der
724 4332 1279 4401 Viertely'alwsschoift
1314 4332 1413 4397 far
1448 4332 1667 4387 Kultwr
1702 4333 1825 4387 und
1852 4333 2147 4387 Licet-atur
2184 4332 2282 4387 der
2308 4333 2698 4401 Remissance,
2736 4333 2928 4404 Jahrq.
2955 4336 3036 4389 II
3051 4336 3239 4404 (1887)
3256 4330 3319 4388 35

584 4426 744 4479 theils
778 4423 1117 4494 beaprochen,
1156 4423 1315 4476 theils
1350 4423 1497 4477 auch
1531 4423 1869 4491 abyedmuckt
1907 4422 2141 4478 worden.

728 4511 772 4583 ¹)
817 4513 935 4567 Von
985 4511 1083 4566 der
1122 4510 1565 4581 Gorrespmadenz
1610 4512 1878 4566 zwischen
1920 4513 2171 4582 Veryaem'o
2219 4513 2343 4569 und
2377 4513 2653 4570 Erasmus
2706 4514 2832 4582 licyt
2884 4511 3069 4586 auster
3123 4514 3243 4570 dem

583 4602 702 4658 hier
735 4601 1028 4672 folyenden
1062 4601 1412 4656 Bmchstae'ick
1446 4601 1627 4658 niente
1662 4617 1773 4658 vor.

728 4689 774 4761 ¹>
815 4692 869 4747 S.
908 4692 1045 4749 oben
1080 4707 1164 4749 nr.
1202 4694 1257 4748 2.
