3500 5300
1046 334 1147 389 Nc.
1188 334 1424 390 76—77:
1463 333 1603 390 1538
1638 334 1873 389 Februar
1906 334 2119 390 4.-11.
2810 328 2915 392 251

252 530 378 594 mio
445 528 689 596 fratello
749 531 1073 616 maggiore
1139 536 1204 594 et
1259 551 1464 596 essere
1520 534 1753 594 restate
1811 535 1971 594 tutte
2029 529 2086 594 le
2146 551 2288 593 cose
2347 528 2413 592 di
2474 549 2624 593 casa
2675 528 2806 592 mia
2849 529 2913 591 in
2969 529 3114 583 1538

250 636 673 722 grandissimo
717 636 1038 701 disordine
1083 644 1146 702 et
1190 636 1585 701 conoscendo
1616 643 1978 701 veramente
2026 635 2187 700 ch’io
2234 658 2387 701 sono
2433 637 2542 722 qui
2588 658 2707 700 con
2753 658 2915 722 poco
2933 600 3076 654 ΕΜ·
3113 602 3150 653 4

252 743 507 807 servitio
568 749 631 807 et
687 766 808 809 con
866 743 1063 809 molta
1108 765 1291 829 spesa
1335 741 1401 807 di
1447 741 1678 808 Nostro
1738 742 2035 827 Signom,
2094 743 2229 808 fece
2286 742 2644 829 supplicare
2703 765 2744 805 a
2786 741 2919 807 Sua

252 848 502 915 Santita
546 851 598 913 si
643 850 923 937 dignassi
986 849 1390 916 concedermi
1434 849 1696 913 licentia
1743 849 1905 913 ch'io
1951 857 2197 936 potesse
2243 850 2554 913 ritornare
2600 850 2666 913 in
2711 848 2914 913 Italia.

196 964 232 1018 5
251 957 313 1020 al
361 956 479 1020 che
524 956 657 1022 Sua
701 957 1102 1022 Beatitudine
1148 955 1637 1042 benignamente
1694 956 1831 1021 fece
1876 956 2246 1043 rispondere
2293 955 2451 1020 ch’io
2500 955 2762 1021 havesse
2807 978 2916 1042 pa—

251 1063 480 1128 cientia
523 1085 638 1149 per
682 1085 843 1149 poco
889 1070 1122 1150 temp0‚
1170 1061 1404 1149 perche
1452 1063 1669 1128 avanti
1715 1062 1773 1126 el
1834 1063 2105 1127 concilio
2160 1062 2605 1128 m’haverebbe
2651 1062 2800 1128 dato
2847 1062 2917 1126 li-

252 1171 474 1234 centia.
566 1169 723 1234 hora
768 1170 1031 1235 essendo
1089 1171 1323 1256 passati
1385 1178 1479 1234 tre
1524 1171 1677 1233 mesi
1739 1177 1803 1233 et
1863 1169 2422 1255 approximandosi
2467 1168 2511 1233 il
2557 1175 2770 1256 tempo
2814 1169 2916 1234 del

250 1276 512 1341 concilio
558 1283 621 1341 et
665 1276 928 1342 essendo
974 1277 1032 1342 le
1081 1299 1226 1342 cose
1257 1277 1323 1342 di
1371 1298 1522 1341 casa
1552 1277 1679 1340 mia
1726 1277 1789 1340 in
1839 1277 2162 1362 maggiore
2192 1276 2514 1342 disordine
2542 1276 2659 1341 che
2688 1278 2916 1363 prima,

249 1383 535 1470 supplico
581 1389 821 1471 quanto
867 1406 1054 1469 posso
1103 1382 1178 1447 V.
1227 1383 1288 1448 S.
1336 1382 1468 1447 ΒΜ
1515 1384 1567 1446 si
1614 1382 1806 1466 degni
1852 1389 2134 1447 ottenere
2181 1383 2267 1447 da
2297 1382 2429 1448 Sua
2475 1382 2726 1449 Santita
2755 1382 2916 1448 ch’io

160 1500 231 1554 10
251 1491 419 1575 possi
464 1492 700 1572 venire,
747 1497 811 1555 et
853 1491 1033 1577 sapia
1078 1498 1250 1555 certo
1298 1490 1375 1554 V.
1424 1489 1486 1555 S.
1532 1488 1662 1553 ΒΜ
1707 1489 1824 1552 che
1869 1490 1930 1553 io
1988 1490 2075 1552 mi
2121 1490 2418 1575 reputare
2465 1492 2747 1555 ricevere
2794 1493 2915 1555 sin-

249 1596 469 1682 gulare
514 1599 722 1683 gratia
767 1605 832 1662 et
875 1598 1115 1662 restari)
1160 1603 1677 1683 perpetuamente
1707 1595 1990 1681 obligato
2038 1619 2078 1659 a
2122 1594 2333 1683 quella
2365 1618 2546 1662 come
2576 1597 2642 1661 di
2689 1597 2916 1684 qualsi-

251 1703 464 1789 voglia
520 1703 758 1769 honore
804 1726 841 1769 o
902 1704 1323 1769 emolumento
1383 1702 1569 1790 quale
1626 1704 1792 1767 fosse
1854 1702 2162 1767 collocato
2221 1705 2287 1767 in
2344 1725 2480 1787 me3
2538 1711 2604 1770 et
2648 1726 2715 1768 se
2759 1727 2918 1790 pure

249 1810 383 1876 Sua
427 1811 676 1876 Santita
719 1813 876 1876 vora
922 1809 1037 1875 che
1084 1809 1375 1876 havendo
1407 1810 1557 1874 dato
1590 1809 1813 1873 ordine
1860 1809 1981 1873 alle
2029 1831 2174 1874 cose
2215 1811 2279 1874 di
2328 1832 2478 1875 casa
2520 1811 2650 1874 mia
2692 1811 2916 1875 ritorni

250 1918 316 1980 in
361 1926 579 2003 queste
624 1919 810 2004 parti,
857 1916 1001 1981 saro
1047 1938 1295 2002 sempre
1338 1916 1736 2002 paratissimo
1785 1915 1869 1980 ad
1914 1914 2243 2002 obedirgli‚
2292 1938 2470 1982 come
2516 1940 2629 1982 son
2677 1923 2914 1998 tenut0,

158 2034 233 2088 15
249 2030 313 2088 et
357 2023 423 2087 di
467 2033 687 2112 questo
733 2046 853 2089 con
897 2048 1058 2111 gran
1105 2023 1416 2088 desiderio
1463 2029 1703 2109 espetto
1747 2030 1934 2108 grata
1994 2023 2268 2109 risposta
2312 2024 2397 2087 da
2443 2024 2520 2088 V.
2568 2024 2629 2089 S.
2675 2024 2822 2090 ΒΜ.

427 2131 705 2212 Quando
751 2132 1030 2198 anchora
1073 2154 1114 2196 a
1145 2130 1278 2197 Sua
1323 2131 1572 2197 Santita
1614 2131 1897 2216 piacesse
1942 2130 2300 2195 mandarmi
2347 2131 2410 2195 al
2453 2137 2741 2218 presente
2789 2153 2915 2196 uno

249 2259 631 2322 successore,
678 2261 861 2305 come
890 2238 1158 2304 sarebbe
1202 2237 1450 2324 megli0‚
1497 2259 1611 2323 per
1656 2235 1913 2323 l'obligo
1945 2238 2130 2324 qualo
2176 2237 2256 2302 ho
2287 2236 2353 2302 di
2400 2239 2678 2303 scrivere
2707 2237 2915 2326 quello

252 2342 369 2409 che
426 2347 515 2409 mi
573 2368 725 2432 pare
784 2368 989 2411 essere
1045 2346 1197 2411 utile
1253 2353 1317 2409 et
1372 2343 1752 2410 honorevole
1812 2366 1853 2408 a
1911 2342 2043 2408 Sua
2099 2343 2535 2427 Beatitudine‚
2596 2368 2718 2410 con
2764 2349 2915 2431 ogni

247 2452 591 2517 rivel-entia
635 2452 974 2518 racordaro
1022 2452 1138 2517 che
1185 2454 1329 2516 sara
1374 2450 1538 2515 bene
1582 2451 1717 2515 fare
1762 2449 2057 2515 clettione
2116 2451 2182 2515 di
2238 2472 2510 2536 persona
2554 2453 2805 2539 integra
2849 2460 2914 2517 et

152 2557 445 2642 sodotta,
491 2560 676 2646 quale
722 2582 837 2645 per
880 2558 939 2624 le
983 2560 1224 2648 qualita
1268 2579 1378 2623 sue
1423 2580 1613 2644 possa
1658 2558 1889 2642 meglio
1944 2557 2011 2621 di
2057 2578 2158 2619 me
2203 2562 2268 2619 et
2311 2555 2459 2620 delli
2505 2558 2649 2622 altri
2694 2558 2912 2644 prede·

250 2668 485 2731 cessori
528 2668 674 2732 miei
718 2665 1125 2732 reconciliare
1169 2667 1214 2732 li
1274 2666 1470 2730 animi
1514 2666 1581 2729 di
1628 2672 1847 2753 queste
1893 2664 2223 2751 provincie
2267 2663 2526 2729 alienati
2572 2666 2658 2731 da
2702 2665 2913 2754 quella

251 2773 399 2838 sede
442 2773 786 2860 apostolica
829 2783 894 2839 et
939 2797 1315 2840 conservare
1348 2771 1539 2860 quelli
1581 2772 1772 2859 pochi
1804 2771 1920 2837 che
1966 2770 2250 2835 anchora
2294 2794 2448 2835 sono
2494 2774 2736 2837 rimasti
2767 2773 2910 2838 nell’

247 2881 513 2968 antiqua
555 2882 911 2965 devotione,
958 2890 1021 2947 et
1065 2882 1131 2945 in
1178 2887 1399 2969 questo
1446 2880 1579 2946 Sua
1622 2879 1874 2945 Santita
1927 2881 1981 2943 si
2038 2878 2322 2964 degnara
2365 2879 2501 2943 fare
2547 2877 2717 2945 bona
2763 2901 2910 2945 con-

249 2986 643 3053 sideratione.
735 2990 817 3053 ne
876 2988 1035 3053 altro
1094 2986 1484 3052 occorrendo
1543 2988 1610 3050 in
1671 2985 1843 3051 bona
1899 2986 2108 3072 gratia
2166 2984 2232 3050 di
2279 2984 2358 3050 V.
2405 2985 2468 3052 S.
2515 2984 2644 3049 Βῐιιει
2689 2983 2912 3050 humil-

152 3102 231 3157 25
248 3102 459 3160 mente
527 3093 835 3160 basiando
904 3095 947 3158 li
1015 3095 1188 3181 piedi
1256 3118 1297 3158 a
1362 3093 1594 3159 Nostro
1674 3092 1942 3178 Signore
2017 3092 2083 3158 di
2164 3093 2469 3157 continuo
2537 3092 2624 3156 mi
2692 3113 2910 3157 racco-

248 3202 504 3269 mando.

429 3326 516 3391 Di
560 3327 775 3413 Praga
818 3326 925 3393 alli
971 3336 1011 3392 4
1060 3326 1127 3390 di
1172 3325 1425 3391 febraro
1480 3334 1663 3394 1538.
2930 3323 3071 3379 Fbr.
3111 3328 3146 3377 4

248 3631 359 3698 77.
450 3630 720 3696 Marone
766 3651 855 3695 an
899 3629 1224 3695 Farnese:
1283 3628 1492 3695 Βίαντά
1545 3630 1655 3694 der
1698 3628 2450 3714 Friedensverhandlzmy
2494 3630 2570 3692 in
2630 3629 2911 3710 Unam-n,
2931 3627 3074 3683 Fbr.
3113 3633 3174 3683 11

246 3737 688 3820 Eryebnislose
746 3736 1206 3820 Berathunyen
1275 3737 1384 3801 des
1450 3736 1842 3802 bo‘hmischen
1902 3736 2236 3818 Landtaqs
2293 3736 2446 3800 iiber
2506 3735 2914 3817 ffirkenhilfe

149 3854 231 3909 30
246 3843 390 3908 und
414 3842 662 3922 C'cmcih·
694 3844 1198 3927 Anberaumunq
1227 3845 1395 3908 eines
1425 3864 1630 3908 neuen
1654 3843 2006 3924 LandtayS.
2077 3842 2351 3923 Gerinye
2376 3841 2759 3906 Aussichten
2792 3841 2924 3923 auf

246 3950 692 4033 Beschickuny
722 3952 831 4016 des
865 3950 1114 4017 Concils
1145 3950 1345 4015 durch
1376 3950 1553 4015 beide
1584 3949 1932 4014 bohmische
1968 3948 2602 4029 Glaubensparteien.
2667 3947 2911 4029 Schrift

245 4057 503 4123 Fabri's
546 4058 700 4123 iiber
744 4058 865 4122 das
908 4056 1327 4122 Abendmahl.
1420 4057 1766 4138 Mahnuny
1829 4056 1936 4120 des
1981 4054 2275 4119 Nuntius
2333 4055 2463 4137 (last
2525 4055 2645 4118 das
2695 4052 2915 4119 Concil

246 4164 380 4245 auf
422 4165 613 4246 jeden
679 4163 838 4229 Fall
903 4165 1161 4244 ero'ffnet
1228 4165 1448 4229 werde.
1566 4164 2010 4230 Unbestimmte
2072 4162 2501 4227 Nachrichten
2567 4162 2720 4226 iiber
2778 4161 2909 4226 Be-

246 4292 588 4353 weyunyen
632 4273 745 4335 der
797 4272 1051 4337 Tilrken
1092 4293 1280 4354 yeyen
1325 4270 1545 4335 Buda.
1644 4270 1838 4334 Dank
1896 4270 2004 4333 des
2049 4268 2342 4333 Nuntius
2385 4268 2497 4350 fiir
2542 4268 2755 4351 Erlast
2799 4268 2912 4333 der

151 4389 230 4444 35
250 4378 567 4457 Zelmtem
635 4378 1024 4443 wiederholte
1083 4379 1262 4442 Bitu»
1320 4400 1431 4441 um
1500 4376 1860 4441 Erlaubnis
1925 4398 2044 4441 zur
2112 4375 2462 4441 Rizckkehr.
2565 4378 2734 4440 1538
2786 4374 2908 4439 Fe-

247 4487 450 4551 bruar
493 4490 573 4549 11
622 4487 811 4568 Praq.

393 4630 514 4684 Ans
549 4628 719 4696 Rom,
766 4629 931 4684 Arch.
976 4629 1099 4683 Vat.
1135 4628 1300 4683 Cal-te
1337 4627 1672 4682 Famesiane
1710 4627 1869 4682 Fasc.
1910 4626 1938 4681 1
1980 4626 2162 4696 Ori9.,·
2214 4626 2279 4679 in
2322 4642 2472 4681 verso
2507 4642 2613 4680 von
2651 4625 2912 4680 Cervini's

462 4719 644 4773 Hand
680 4719 952 4774 Ricevuta
986 4718 1081 4772 alli
1118 4720 1152 4772 6
1189 4718 1243 4771 di
1281 4735 1479 4773 marzo.
