3500 5300
1171 339 1272 400 Nc.
1312 341 1448 400 11*:
1486 341 1627 401 1538
1661 340 1863 400 Januar
1898 343 1984 401 30.
2800 337 2909 402 443

425 537 589 606 Cum
635 547 849 605 autem
894 542 1163 627 pecunia
1212 562 1291 604 ex
1337 543 1652 605 communi
1701 541 1869 606 forte
1916 541 2381 606 contributione
2413 540 2549 606 dari
2581 540 2906 620 debeatur,

247 647 601 712 consultum
660 657 833 712 esset
890 656 959 711 ut
1017 657 1389 734 procurator
1448 649 1510 710 in
1574 647 1691 712 hac
1735 670 1804 712 re
1851 651 2288 726 constituatur,
2334 651 2440 733 qui
2490 670 2905 734 expensarum

247 757 525 820 omnium
571 762 810 821 certam
854 756 1166 820 rationem
1211 753 1478 819 reddere
1524 757 1746 840 possit.

423 861 518 927 Ut
562 872 775 927 autem
819 870 997 927 recta
1041 863 1202 927 ratio
1234 861 1469 948 ubique
1500 864 1781 926 omnium
1827 861 2133 926 habeatur
2172 873 2234 927 ct
2281 862 2596 947 superflue
2628 885 2906 947 expense

197 971 669 1049 5retineantur,
728 970 1155 1034 necessarium
1218 971 1475 1033 omnino
1531 971 1653 1033 erit
1708 978 2184 1055 procuratorem
2231 969 2398 1034 hunc
2443 991 2556 1033 seu
2605 969 2908 1054 expendi—

247 1084 446 1140 torem
493 1075 572 1140 de
618 1076 718 1141 his
764 1075 1057 1142 omnibus
1104 1085 1341 1140 certam
1387 1075 1620 1142 habere
1668 1078 2161 1154 instructionem,
2210 1075 2362 1162 quid
2409 1075 2625 1140 faeere
2674 1099 2908 1162 expen-

246 1181 396 1248 dere
442 1191 554 1248 aut
599 1185 891 1248 omittere
938 1184 1142 1269 possit
1187 1205 1262 1247 ac
1310 1182 1557 1248 debeat.

420 1289 631 1355 Multa
675 1298 887 1354 autem
932 1289 1030 1354 his
1076 1291 1205 1376 jam
1250 1289 1557 1355 ordinatis
1618 1290 1843 1374 legatis
1889 1312 2003 1355 seu
2048 1291 2403 1356 oratoribus
2450 1292 2516 1355 in
2547 1292 2797 1371 itinere,
2843 1293 2906 1356 in

244 1399 384 1484 ipso
429 1398 620 1461 etiam
665 1397 934 1461 concilio
981 1397 1271 1462 accidere
1317 1419 1507 1483 posse
1554 1400 1695 1481 quis
1743 1396 2038 1462 dubitat?
2095 1397 2497 1462 commodum
2540 1400 2754 1485 itaque
2786 1401 2908 1463 erit

155 1514 311 1573 loct
354 1501 543 1568 valde
589 1504 948 1570 consultum
994 1514 1068 1569 ut
1124 1503 1208 1569 ad
1254 1504 1596 1569 concilium
1640 1503 1932 1591 deputati
1978 1527 2230 1591 semper
2274 1513 2339 1569 et
2383 1527 2500 1591 pro
2551 1508 2830 1571 onmium
2859 1511 2904 1586 ⁸)

242 1619 525 1698 tempore
572 1609 655 1675 de
701 1611 992 1675 omnibus
1038 1611 1229 1676 rebus
1278 1632 1388 1675 eos
1434 1634 1472 1675 a
1517 1611 1750 1696 quibus
1799 1614 2135 1676 mittuntur
2178 1615 2480 1677 certiores
2527 1612 2740 1678 facere
2781 1634 2904 1676 non

243 1709 513 1783 cessent.
588 1716 1031 1782 constituende
1077 1720 1292 1803 itaque
1338 1741 1414 1783 ac
1463 1717 1752 1802 eligende
1801 1727 1949 1783 sunt
1994 1741 2262 1805 persone
2309 1721 2375 1783 in
2420 1718 2729 1784 Bohemia
2773 1742 2905 1783 ma-

244 1834 499 1904 nenteS‚
557 1846 681 1910 que
740 1834 1057 1890 oratorum
1120 1833 1185 1890 et
1241 1823 1690 1912 deputatorum
1751 1825 1834 1890 ad
1880 1825 2218 1890 concilium
2279 1828 2516 1911 scripta
2574 1828 2640 1889 in
2686 1849 2906 1890 occur-

242 1929 527 1995 rentibus
588 1933 872 2016 negociis
931 1933 1253 2017 suscipere
1310 1931 1521 2016 legere
1581 1954 1657 1997 ac
1713 1931 1992 2018 desuper
2048 1934 2286 2019 scripta
2331 1932 2712 2018 respondere
2759 1955 2906 2019 pos-

154 2053 225 2108 15
244 2038 375 2101 sint
418 2045 539 2102 etc.

421 2142 981 2230 Supervacaneum
1026 2153 1238 2210 autem
1296 2147 1361 2209 in
1418 2146 1730 2231 principio
1777 2147 2054 2210 omnium
2102 2145 2358 2210 videtur
2413 2146 2715 2233 plurimas
2762 2169 2905 2234 per-

241 2272 431 2315 sonas
477 2250 561 2315 ad
605 2251 726 2316 hoc
770 2252 1064 2337 generale
1110 2253 1448 2317 concilium
1493 2256 1743 2316 mittere
1761 2278 1778 2333 ;
1840 2276 2058 2317 verum
2104 2255 2260 2318 satis
2308 2253 2588 2318 futurum
2636 2255 2906 2319 arbitror

241 2359 293 2421 si
342 2356 579 2422 domini
645 2359 764 2424 sub
824 2382 952 2424 una
1010 2362 1226 2445 specie
1287 2370 1416 2424 tres
1484 2359 1923 2425 tantummodo
1971 2383 2050 2424 ex
2120 2361 2554 2446 spiritualibus
2604 2384 2904 2447 personas

243 2465 552 2548 eligerent
560 2490 579 2545 3
636 2467 1031 2532 tantumdem
1081 2489 1230 2532 vero
1288 2467 1355 2531 hi
1401 2468 1509 2553 qui
1557 2468 1675 2532 sub
1723 2476 1991 2552 utraque
2040 2476 2189 2532 sunt
2235 2470 2427 2532 etiam
2475 2491 2554 2532 ex
2603 2468 2907 2534 ecclesia-

149 2574 422 2643 20sticis
469 2582 615 2638 tres,
706 2572 790 2638 ad
849 2573 965 2638 hec
1026 2583 1097 2638 ut
1154 2596 1235 2638 ex
1282 2581 1454 2638 statu
1515 2574 1822 2638 baronum
1883 2596 2042 2638 unus
2102 2574 2403 2660 eligatur3
2462 2576 2654 2639 simili
2714 2575 2904 2640 modo

243 2701 323 2744 ex
369 2689 541 2745 statu
586 2682 955 2747 militarium
1000 2690 1063 2747 et
1109 2681 1417 2747 nobilium
1462 2704 1662 2762 unus;
1708 2689 2030 2767 postremo
2077 2704 2158 2746 ex
2203 2682 2572 2748 civitatibus
2621 2694 2686 2747 et
2733 2694 2905 2748 ntro-

243 2786 434 2873 bique
482 2811 646 2854 unus
664 2813 681 2867 ;
729 2790 1111 2876 principales
1158 2791 1374 2875 itaque
1421 2790 1576 2851 istos
1626 2791 1796 2853 viros
1844 2788 1927 2853 ad
1984 2788 2105 2854 hoc
2154 2791 2480 2875 negotium
2529 2788 2790 2854 idoneos
2841 2793 2899 2854 iu

242 2898 558 2982 principio
605 2898 880 2962 ineuntis
926 2897 1179 2960 concilii
1225 2897 1518 2961 sufficere
1564 2918 1751 2983 posse
1800 2894 2048 2961 confido
2096 2906 2159 2959 et
2206 2896 2492 2960 arbitror.

422 3001 536 3066 Sin
583 3011 795 3068 autem
826 3025 984 3089 opus
1030 3003 1226 3067 fuerit
1273 3005 1742 3089 necessitasque
1789 3013 1852 3067 et
1895 3026 2228 3069 commune
2277 3003 2510 3067 bonum
2555 3004 2902 3090 reipublice

150 3109 584 3177 250hristiane
645 3120 709 3175 et
767 3109 933 3174 forte
995 3113 1173 3196 regni
1234 3110 1539 3175 Bohemie
1588 3111 2023 3197 postulaverit,
2072 3119 2140 3174 nt
2187 3111 2458 3196 posthac
2503 3111 2713 3197 plures
2761 3113 2903 3175 mit-

242 3225 488 3296 tantur,
546 3217 665 3281 hec
713 3217 986 3282 dominis
1032 3220 1097 3281 in
1145 3218 1364 3282 inclito
1410 3217 1717 3283 Bohemie
1766 3240 1959 3303 reguo
2004 3217 2216 3282 facere
2262 3216 2530 3281 liberum
2579 3220 2732 3297 erit-3
2795 3242 2904 3282 ne-

242 3325 583 3389 cessarium
617 3326 805 3389 ctiam
854 3324 1135 3390 futurum
1182 3348 1369 3411 spero
1400 3334 1469 3389 ut
1517 3348 1674 3389 unus
1724 3348 1804 3389 ex
1852 3327 1942 3388 eis
1991 3324 2260 3407 eligatur
2296 3326 2398 3387 cui
2445 3327 2642 3409 prime
2689 3334 2901 3411 partes

243 3433 719 3496 committantur
778 3441 843 3496 et
900 3434 1007 3518 qui
1068 3431 1296 3496 ductor
1353 3440 1416 3495 et
1474 3455 1807 3518 precessor
1861 3432 2106 3495 illorum
2167 3432 2250 3494 sit
2297 3433 2403 3517 qui
2465 3434 2796 3497 mittentur
2840 3443 2902 3495 et

242 3540 351 3623 qui
406 3537 721 3603 interdum
781 3537 1054 3623 reliquos
1115 3561 1469 3604 convocare
1527 3538 1609 3603 ad
1667 3538 1999 3603 consilium
2060 3548 2124 3601 et
2185 3546 2334 3602 vota
2381 3539 2460 3602 ab
2518 3539 2663 3619 illis,
2725 3550 2794 3603 ut.
2839 3541 2905 3604 in

146 3659 223 3713 30
243 3646 523 3709 consiliis
586 3668 721 3709 mos
770 3668 869 3723 οε,
937 3668 1167 3733 capere
1237 3649 1467 3732 possit3
1538 3655 1601 3709 et·
1646 3645 1765 3710 hec
1814 3646 2039 3709 electio
2112 3668 2148 3709 a
2195 3644 2464 3709 statibus
2512 3669 2590 3709 ex
2639 3656 2902 3732 utraque

241 3764 421 3839 parte
491 3762 561 3817 ut
627 3761 772 3816 ante
841 3751 1191 3816 discessum
1258 3754 1398 3831 fiat,
1457 3755 1710 3817 omnino
1759 3762 2138 3838 oport-unum
2185 3774 2323 3815 esse
2371 3751 2650 3832 videtur,
2710 3776 2791 3816 ne
2838 3755 2900 3816 in

241 3862 467 3925 itinere
513 3859 593 3923 de
638 3860 795 3924 locis
841 3882 951 3923 seu
999 3860 1343 3924 honoribus
1392 3883 1554 3924 nove
1602 3859 2030 3924 dissensiones
2064 3869 2304 3924 etcum
2345 3860 2721 3924 confusione
2751 3862 2906 3925 fiant

242 3978 310 4032 et
352 3969 738 4032 exoriantur.
829 3975 894 4029 et
938 3964 1018 4031 he
1065 3968 1128 4029 in
1162 3968 1526 4031 universum
1571 3988 1859 4052 persone,
1904 3976 2061 4051 quot
2105 3965 2333 4031 scribis
2367 3976 2432 4029 et
2465 3966 2719 4032 famulis
2751 3989 2903 4032 con-

242 4077 399 4139 tenti
460 4096 599 4139 esse
658 4076 936 4161 possint,
996 4072 1353 4138 consultum
1413 4081 1585 4139 esset
1640 4082 1715 4137 ut
1769 4073 1874 4139 hic
1933 4071 2349 4160 judicaretur,
2406 4096 2486 4137 ne
2535 4073 2790 4139 inutiles
2838 4082 2904 4138 et

144 4193 220 4248 35
241 4181 559 4269 superflue
604 4182 761 4246 fiant
804 4202 1101 4266 expense.

419 4288 907 4374 Quamprimum
967 4297 1176 4353 autem
1234 4290 1359 4373 jam
1420 4287 1767 4374 supradicti
1829 4296 2106 4353 oratores
2175 4310 2286 4351 seu
2344 4286 2534 4373 legati
2595 4289 2900 4352 nominati

241 4396 512 4475 fuerint,
582 4406 730 4460 tunc
799 4398 1185 4461 conveniant
1243 4418 1505 4459 neccsse
1553 4403 1646 4458 cst
1696 4394 2006 4480 simulque
2054 4394 2434 4460 concludant
2483 4394 2562 4459 de
2610 4394 2899 4460 omnibus

240 4504 433 4569 rebus
479 4503 709 4587 quibus
757 4504 821 4566 in
868 4504 1140 4567 concilio
1186 4503 1534 4566 imminenti
1584 4524 1742 4586 opus
1790 4500 2154 4580 habuerint,
2214 4512 2284 4566 ut
2337 4504 2588 4587 possint
2632 4524 2669 4566 a
2715 4502 2901 4565 serm

386 4758 428 4807 ι)
459 4756 550 4793 Sic!
576 4766 625 4793 sn
653 4753 758 4793 team
788 4752 935 4794 omui?

2980 544 3122 595 1538

2926 613 3056 667 Jan.
3096 617 3173 664 30
