3500 5300
356 562 497 613 1536

316 631 436 686 Okt.
474 632 551 685 24

567 360 641 421 68
1518 361 1617 417 No.
1656 363 1720 416 4:
1763 361 1899 418 1536
1935 356 2170 417 Oktober
2204 363 2291 417 24.

996 559 1135 625 Viri
1182 558 1353 624 docti
1398 556 1688 623 catholici
1734 559 1901 623 inter
1943 556 2102 624 alios
2145 559 2350 645 magis
2398 558 2708 623 nominati
2740 558 2804 622 in

998 664 1344 730 Germania
1388 666 1497 751 qui
1544 663 1833 730 scribunt
1878 672 2099 730 contra
2142 664 2560 733 Lutheranos.

749 790 1061 856 Dominus
1105 790 1150 855 J
1152 813 1389 855 oannes
1447 788 1647 854 Fabri
1705 790 2038 878 episcopus
2084 789 2464 857 Viennensis
2507 790 2939 856 Romanorum
3001 790 3138 874 regi
3200 811 3246 853 a

568 897 974 963 confessione.
1052 922 1060 931 ·

745 1001 1060 1069 Dominus
1106 1004 1381 1070 Ecchius
1424 1003 1596 1091 apud
1645 1002 2033 1069 Willelmum
2096 1009 2160 1069 et
2203 1003 2606 1070 Ludovicum
2664 1004 2862 1069 duces
2906 1002 3244 1068 Bavariae.
3299 1012 3334 1065 5

747 1111 1061 1176 Dominus
1106 1110 1417 1177 Cochleus
1462 1111 1634 1197 apud
1681 1109 2030 1196 Georgium
2079 1111 2306 1176 ducem
2353 1111 2691 1177 Saxoniae.

747 1217 1060 1283 Dominus
1120 1218 1450 1284 Fridricus
1506 1217 1765 1283 Nausea
1824 1217 2217 1284 ecclesiastes
2262 1218 2678 1304 Moguntinus
2732 1225 2796 1283 et
2854 1217 3039 1283 Ser„
3101 1219 3240 1302 regi

567 1325 892 1412 praedicto
938 1349 978 1390 a
1022 1324 1295 1413 publicis
1343 1324 1756 1391 contionibus.

746 1431 1060 1498 Dominus
1104 1431 1437 1498 Conradus
1483 1430 1736 1498 Kaellin
1784 1432 2025 1498 ordinis
2070 1431 2594 1520 praedicatorum.

747 1539 1061 1605 Dominus
1109 1538 1407 1605 Nicolaus
1452 1539 1752 1604 Herborn
1799 1539 2039 1605 ordinis
2084 1540 2400 1604 minorum
2448 1539 2527 1606 de
2571 1537 2992 1605 observantia.
3271 1550 3339 1601 10

746 1645 1060 1712 Dominus
1105 1646 1150 1712 J
1152 1669 1390 1711 oannes
1437 1645 1964 1733 Dietembergius.

744 1752 972 1818 Frater
1033 1753 1173 1819 Ber.
1235 1776 1276 1818 a
1328 1751 1698 1840 Lucelburg
1768 1752 2006 1818 ordinis
2065 1753 2607 1840 praedicatorum,
2679 1753 2791 1840 qui
2848 1752 3098 1839 scripsit
3154 1751 3244 1817 de

568 1858 951 1927 haeresibus.

748 1967 1062 2032 Dominus
1122 1967 1494 2031 Leonardus
1553 1965 1914 2032 Marstaller
1980 1966 2151 2054 apud
2212 1989 2369 2054 quos
2432 1973 2496 2031 et
2556 1965 2865 2050 Ecchius,
2925 1966 3244 2031 Bavariae

568 2074 782 2142 duces,
3265 2083 3338 2136 15

744 2179 1072 2246 Johannes
1118 2181 1429 2245 Hanerus.

744 2286 1061 2373 Georgius
1105 2285 1423 2353 Vecellius
1468 2284 1552 2351 ab
1601 2285 1934 2351 haereticis
1978 2286 2062 2351 ad
2107 2308 2223 2351 nos
2269 2308 2627 2352 conversus.

995 2519 1135 2585 Viri
1181 2518 1350 2583 docti
1398 2520 1561 2582 inter
1604 2517 1953 2583 haereticos
1997 2519 2341 2605 praecipui.

748 2643 1067 2711 Lutherus
1112 2643 1252 2708 fons
1296 2651 1360 2708 et
1403 2645 1578 2731 origo
1625 2641 1815 2732 hujus
1860 2642 2074 2709 lernae
2120 2643 2293 2731 apud
2339 2641 2676 2710 electorem
2725 2643 3048 2711 Saxoniae.

749 2751 1082 2839 Philippus
1126 2750 1576 2817 Melanchthon
1622 2752 1795 2839 apud
1843 2752 2131 2818 eundem.
3263 2765 3343 2819 20

750 2859 1139 2925 Pomeranus
1185 2858 1354 2945 apud
1401 2859 1688 2924 eundem.

749 2965 1064 3052 Georgius
1111 2963 1506 3051 SpalatinuS,
1562 2964 1956 3031 sacrificulus
2016 2963 2168 3029 olim
2213 2964 2270 3029 F
2271 2964 2524 3030 riderici
2570 2964 2890 3031 Saxoniae
2933 2964 3243 3042 electoris,

574 3075 683 3160 qui
743 3074 859 3137 etsi
921 3095 1046 3136 non
1106 3071 1373 3136 ediderit
1432 3071 1644 3160 aliqua
1691 3074 1959 3159 scripta,
2030 3071 2200 3159 quod
2271 3073 2573 3150 sciamus,
2642 3080 2857 3139 tamen
2917 3073 3244 3161 hypocrisi

573 3181 850 3269 quadam
911 3179 1437 3266 perniciosissima
1494 3190 1557 3244 et
1614 3178 1774 3245 dolis
1833 3178 1917 3244 ab
1986 3180 2197 3262 initio,
2268 3202 2419 3244 mox
2477 3202 2630 3245 vero
2688 3191 2752 3247 et
2811 3182 2971 3245 vivis
3025 3180 3240 3267 predi-

576 3284 930 3352 cationibus
976 3286 1328 3350 maximum
1374 3287 1722 3351 fomentum
1771 3285 2274 3351 subministravit
2320 3285 2469 3352 huic
2513 3286 2778 3356 haeresi.
3260 3298 3334 3351 25

751 3391 1114 3458 Altamerus
1148 3395 1214 3478 ¹).

752 3500 1048 3566 Brentius
1074 3499 1146 3589 ⁹).

751 3607 1031 3673 Joannes
1077 3605 1397 3693 Agricola.

754 3712 1221 3800 Hegendorfius
1248 3715 1320 3798 ³).

754 3819 1060 3886 Urbanus
1105 3819 1355 3906 Regius.
3257 3832 3338 3886 30

1680 3927 1786 3992 Ad
1835 3928 2140 3994 Rhenum.

755 4051 1069 4116 Martinus
1113 4051 1397 4117 Bucerus
1443 4052 1590 4118 olim
1636 4053 1877 4118 ordinis
1921 4052 2451 4140 praedicatorum.

756 4157 984 4245 Capito
1031 4157 1179 4225 olim
1227 4181 1267 4224 a
1312 4162 1567 4225 secretis
1610 4169 1674 4225 et
1718 4160 1992 4226 consiliis
2038 4160 2378 4227 cardinalis
2423 4161 2800 4246 Moguntini.

755 4264 926 4331 Otho
974 4265 1367 4331 Brunfelsius
1413 4266 1561 4331 olim
1608 4265 2000 4333 Oartusinus.

726 4568 768 4641 ¹)
806 4567 1068 4624 Andreas
1103 4569 1421 4638 Althamer,
1462 4571 1546 4625 bei
1582 4571 1900 4639 Markyrat'
1929 4572 2110 4641 Geory
2145 4589 2252 4627 von
2289 4571 2716 4642 Brandcnburq.
3248 4571 3324 4625 35

722 4658 770 4727 ²)
809 4659 1093 4714 Johannea
1129 4658 1328 4727 Brenz,
1364 4659 1756 4714 schwcibischer
1791 4660 2159 4726 Reformator-

722 4745 768 4818 ⁸)
810 4746 1072 4811 Glm'stof
1097 4746 1433 4816 Ileyendorf
1457 4765 1563 4801 aus
1599 4749 1845 4819 Leipzi9‚
1882 4751 1985 4804 scit
2021 4753 2162 4803 1537
2196 4752 2262 4804 in
2296 4750 2610 4820 Lamburq.
