3500 5300
1234 338 1335 395 No.
1375 341 1468 394 97:
1510 340 1647 396 1538
1681 340 1810 394 Juni
1847 341 1895 394 7.
2797 337 2906 398 2⁹⁹

239 534 305 597 in
355 541 577 621 questa
619 536 886 599 materia
931 541 992 598 et
1038 533 1154 598 che
1200 556 1446 621 sempre
1491 537 1770 599 scrivera
1816 535 2156 599 vedendosi
2202 542 2376 599 tanto
2424 535 2685 620 bisogno
2739 534 2903 600 della
2959 540 3098 619 15339

238 639 540 726 religione
587 640 926 706 christiana
972 649 1033 705 et
1078 663 1190 705 suo
1236 640 1303 705 di
1351 650 1574 727 questa
1617 664 1791 727 pace.
1884 664 1991 705 ma
2035 640 2151 705 che
2198 664 2386 727 spera
2431 641 2546 706 che
2585 642 2717 706 Sua
2748 642 2903 706 San·
2921 607 3063 661 ‘Iam
3101 611 3135 661 ⁷

239 747 357 810 tita
400 769 514 832 per
560 747 624 811 la
668 770 785 811 sua
829 747 1169 833 prudentia
1213 756 1277 812 et
1321 746 1638 812 dexterita
1681 748 1823 812 fara
1854 746 2121 834 qualche
2171 746 2313 812 bon'
2346 747 2576 831 effett0,
2622 749 2902 834 sapendo

240 852 356 916 che
414 851 478 917 la
523 852 795 919 Cesarea
840 853 1087 918 Maesta
1147 853 1227 917 116
1287 853 1454 919 116116
1511 856 1869 920 intentione.
1969 855 2042 917 V.
2091 855 2153 920 S.
2201 854 2327 918 ΒΜ
2372 855 2500 941 pub
2556 855 2903 919 certificare

179 973 218 1028 5
239 959 372 1023 Sua
414 958 663 1024 Santita
720 961 834 1025 che
890 962 1035 1025 tutti
1094 960 1136 1024 li
1196 960 1389 1024 officii
1448 959 1728 1046 possibili
1790 983 1903 1046 per
1961 960 2188 1026 redure
2233 960 2296 1024 la
2341 961 2614 1025 Cesarea
2663 961 2903 1025 Maesta

238 1064 366 1129 alla
409 1087 569 1152 pace
614 1067 666 1130 si
713 1067 863 1131 fano
910 1067 996 1131 da
1041 1076 1261 1153 questo
1305 1089 1392 1148 re,
1440 1065 1498 1131 le
1529 1088 1673 1131 cose
1717 1065 1822 1131 del
1852 1066 2039 1153 quale
2084 1089 2235 1131 sono
2282 1069 2346 1130 in
2392 1065 2552 1152 gran
2595 1067 2903 1131 difficulta

238 1171 465 1237 stando
511 1172 575 1236 la
619 1173 937 1237 discordia
984 1181 1083 1238 tra
1129 1172 1319 1259 quelli
1366 1173 1474 1238 dui
1522 1174 1812 1259 principi.

415 1277 786 1364 Monsignor
850 1278 1189 1344 Lundense
1222 1281 1272 1363 ¹)
1341 1279 1377 1343 ὸ
1446 1281 1750 1344 ritornato
1820 1279 2211 1363 d'Hongeria
2283 1302 2401 1344 con
2454 1280 2581 1344 bon
2642 1283 2899 1367 riport0,

234 1384 469 1471 perche
525 1384 570 1449 il
628 1385 946 1472 Vayvoda
1004 1408 1130 1450 non
1191 1383 1282 1449 sol
1341 1386 1392 1449 si
1453 1387 1489 1449 6
1548 1393 1909 1450 contentato
1967 1386 2033 1450 di
2087 1408 2378 1450 recevere
2423 1386 2466 1450 il
2514 1388 2788 1472 presidio
2836 1387 2902 1451 di

140 1508 217 1561 10
239 1500 460 1578 questa
505 1492 753 1557 Maesta
795 1494 861 1557 in
908 1492 1094 1557 Buda
1138 1514 1252 1577 per
1281 1491 1646 1557 defenderla
1691 1501 1912 1557 contra
1958 1491 2002 1556 il
2034 1492 2266 1575 Turco,
2314 1515 2420 1556 ma
2463 1492 2508 1557 li
2555 1492 2637 1557 ha
2681 1494 2901 1558 offerto

236 1599 434 1663 molto
478 1599 591 1684 piu
637 1598 704 1663 di
749 1598 956 1685 quello
1003 1597 1119 1663 che
1165 1599 1297 1663 Sua
1340 1597 1587 1663 Maesta
1630 1600 1974 1664 ricercava.
2069 1599 2222 1662 hora
2281 1598 2345 1663 la
2403 1599 2711 1664 difficulta
2755 1623 2898 1665 con-

234 1705 384 1770 siste
428 1707 494 1769 in
539 1704 980 1786 l’executione,
1028 1703 1258 1790 perche
1304 1703 1365 1768 al
1410 1705 1683 1790 presidio
1729 1703 1795 1768 di
1840 1704 2027 1769 Buda
2087 1705 2346 1770 intendo
2392 1713 2611 1792 questa
2656 1706 2901 1772 Maesta

232 1810 432 1876 haver
487 1810 706 1877 offerto
764 1819 937 1878 5000
983 1811 1142 1876 fanti
1202 1820 1265 1876 et
1322 1810 1385 1874 al
1445 1812 1719 1896 presidio
1779 1810 2054 1875 d'alcuni
2110 1810 2252 1876 altri
2299 1811 2464 1877 lochi
2510 1812 2899 1899 d'Hongeria

233 1916 538 1982 altritanti
597 1916 701 1981 vel
762 1918 933 1982 circa
992 1926 1057 1982 et
1101 1917 1183 1981 ha
1228 1923 1563 2003 preparato
1610 1940 1738 1983 una
1787 1926 2034 1982 armata
2079 1916 2181 1982 nel
2228 1917 2556 2001 Danubio,
2603 1941 2791 2005 sopra
2837 1918 2899 1983 la

138 2040 213 2094 15
232 2022 382 2111 qual
428 2045 656 2088 sarano
709 2032 938 2090 10000
984 2022 1270 2106 homeni3
1331 2033 1394 2089 et
1451 2023 1834 2089 nondimeno
1878 2024 1967 2088 fin
2015 2026 2123 2111 qui
2169 2024 2331 2090 vedo
2376 2025 2688 2090 difficule»
2733 2028 2897 2090 assai

230 2133 299 2194 in
345 2129 408 2196 la
434 2131 813 2217 provisione,
860 2138 1273 2217 quantunque
1303 2130 1434 2196 Sua
1466 2130 1712 2195 Maesta
1757 2132 1844 2194 mi
1887 2130 2167 2195 certifica
2210 2130 2327 2195 che
2357 2153 2472 2217 per
2517 2131 2560 2195 il
2607 2144 2895 2218 presente

231 2258 417 2324 spera
460 2239 646 2323 potra
690 2236 1040 2322 provedere
1086 2258 1205 2301 6611
1251 2236 1296 2300 11
1342 2236 1540 2301 adiuti
1587 2236 1807 2301 havuti
1854 2236 1938 2301 da
1983 2247 2200 2323 queste
2239 2238 2580 2323 provincie,
2629 2261 2735 2303 ma
2778 2238 2896 2303 che

237 2365 352 2430 per
394 2342 698 2409 l’avenire
743 2345 889 2407 sara
933 2345 1287 2409 necessario
1333 2343 1449 2409 che
1495 2343 1626 2408 Sua
1670 2342 2072 2409 Beatitudine
2116 2351 2181 2408 et
2223 2342 2288 2407 la
2329 2342 2459 2430 liga
2504 2344 2803 2409 adiutino.

411 2449 721 2516 Venendo
765 2448 811 2514 il
857 2450 1070 2515 Turco
1114 2450 1182 2514 in
1227 2449 1590 2535 Hongeria,
1652 2471 1833 2515 come
1877 2451 2385 2515 continuamente
2430 2452 2736 2516 s'intende
2780 2474 2895 2537 per

136 2555 535 2627 20relatione
578 2557 659 2623 de
696 2556 950 2638 diversi,
995 2555 1040 2620 il
1086 2555 1379 2641 dissegno
1424 2556 1491 2621 di
1539 2563 1763 2643 questa
1806 2556 2054 2621 Maesta
2097 2558 2133 2620 e
2179 2556 2245 2621 di
2289 2557 2605 2641 guardare
2649 2557 2706 2622 le
2743 2560 2897 2623 citta

228 2662 564 2751 principali
609 2671 672 2730 et
717 2664 839 2729 loci
882 2665 1127 2747 muniti,
1174 2663 1254 2728 ne
1284 2666 1350 2728 vi
1398 2664 1434 2727 ὸ
1479 2665 1843 2749 provisione
1888 2662 2116 2729 alcuna
2158 2665 2224 2728 di
2269 2663 2587 2751 guardare
2634 2664 2696 2730 16
2725 2688 2893 2730 cam-

230 2793 460 2857 pagna‚
507 2793 573 2836 se
618 2778 779 2836 tutto
825 2769 1146 2836 l’exercito
1192 2768 1358 2834 della
1400 2768 1532 2856 liga
1575 2792 1702 2834 non
1748 2792 2011 2835 venesse
2057 2792 2097 2833 a
2141 2777 2357 2857 queste
2402 2773 2587 2856 parti.

410 2877 590 2941 Hieri
635 2875 769 2943 Sua
814 2876 1063 2941 Maesta
1119 2877 1207 2940 mi
1267 2876 1465 2959 disse,
1524 2875 1819 2942 havendo
1877 2877 1939 2940 io
1985 2878 2289 2942 ricercato
2334 2875 2379 2941 li
2425 2877 2680 2963 capitoli
2727 2876 2893 2944 della

228 3006 388 3071 pace
432 3006 553 3048 con
597 2981 643 3048 il
688 2983 1039 3070 Vayvoda,
1101 2982 1216 3047 che
1273 2983 1340 3047 in
1401 3005 1649 3047 summa
1704 3004 1817 3047 era
1862 2981 1979 3047 6116
2025 2982 2317 3048 cadauno
2362 2983 2547 3049 d'essi
2593 2986 2892 3050 retenessi
2908 2964 3052 3039 &uni
3088 2988 3124 3037 6

134 3090 329 3161 25616
374 3089 490 3154 che
535 3090 598 3154 al
640 3098 931 3175 presente
974 3088 1326 3175 possedeva
1372 3111 1558 3154 senza
1604 3089 1916 3155 divisione
1961 3088 2051 3153 dil
2096 3111 2293 3174 regno
2346 3098 2411 3155 et
2457 3089 2574 3154 6116
2618 3091 2663 3155 11
2707 3090 2889 3156 titulo

228 3194 442 3283 regale
486 3196 654 3260 fusse
701 3217 970 3260 comune
1014 3194 1400 3277 d'ambidui,
1461 3204 1525 3260 et
1577 3194 1790 3282 doppo
1835 3195 1899 3259 la
1943 3202 2144 3259 morte
2189 3194 2278 3259 dil
2323 3218 2392 3260 re
2438 3195 2729 3262 Gioanne
2774 3197 2891 3263 6116

228 3309 392 3366 tutto
450 3301 496 3366 11
550 3323 744 3388 regno
803 3308 1087 3366 toi-nasse
1148 3300 1274 3366 alla
1333 3301 1578 3367 Maesta
1635 3303 1800 3386 Sua3
1860 3325 1967 3365 ma
2025 3301 2317 3368 havendo
2377 3301 2592 3388 figlioli
2651 3304 2891 3368 maschi

227 3415 479 3495 potesse
522 3408 854 3495 disponere
900 3406 1003 3473 del
1048 3430 1161 3473 suo
1208 3409 1471 3494 antiquo
1516 3408 1796 3473 dominio
1845 3406 2266 3472 liberamente.

405 3514 487 3579 Li
543 3516 746 3601 ponti·
776 3515 1021 3580 remissi
1078 3513 1205 3579 alla
1251 3514 1523 3580 Cesarea
1567 3514 1833 3598 Maesta,
1880 3524 2117 3601 quanto
2175 3514 2258 3579 116
2305 3524 2562 3600 possuto
2608 3539 2889 3603 compre-

131 3639 210 3694 30
228 3620 502 3687 bendere
559 3620 666 3686 dal
724 3623 1200 3707 ragionamento
1259 3621 1325 3685 di
1385 3621 1517 3687 Sua
1573 3621 1855 3705 Maesta,
1923 3643 2076 3686 sono
2146 3620 2288 3686 dell’
2358 3620 2741 3708 obligatione
2802 3623 2888 3687 dil

225 3729 531 3815 presidio,
588 3728 775 3815 quale
834 3730 887 3793 si
944 3727 1027 3793 ha
1081 3728 1165 3793 da
1222 3735 1433 3793 tenere
1494 3728 1560 3792 in
1619 3728 1986 3814 Hongeria;
2054 3728 2204 3793 item
2261 3727 2427 3792 della
2483 3729 2887 3815 dispositione

226 3833 375 3900 delli
419 3836 807 3921 soprascritti
850 3834 1000 3900 beni
1046 3834 1405 3900 hereditarii
1450 3834 1651 3899 d'esso
1681 3833 2028 3921 Vayvoda,
2097 3833 2177 3898 de
2222 3834 2393 3922 quali
2439 3858 2628 3901 senza
2670 3834 2888 3922 figlioli

228 3941 467 4006 maschi
512 3939 793 4006 vorebbe
849 3949 1032 4028 poter
1093 3940 1426 4026 disponere
1486 3941 1760 4006 secondo
1816 3939 1879 4005 16
1936 3940 2202 4006 volunta
2260 3964 2377 4006 sua
2391 3992 2408 4024 ,
2454 3940 2687 4028 perche
2732 3941 2889 4007 alias

225 4047 751 4114 ritornarebbono
796 4047 922 4113 alla
967 4069 1218 4129 corona,
1265 4056 1328 4112 et
1373 4070 1527 4113 sono
1572 4046 1638 4112 di
1682 4070 1843 4134 gran
1890 4055 2224 4112 momento.

131 4170 207 4226 35
405 4155 530 4219 Ρ61·
571 4154 736 4220 altra
779 4157 888 4220 via
932 4154 1013 4219 ho
1059 4157 1261 4219 inteso
1294 4153 1409 4220 che
1453 4153 1746 4220 l’oratore
1786 4153 1952 4219 della
1982 4152 2256 4219 Cesarea
2285 4153 2532 4219 Maesta
2574 4162 2638 4220 et
2667 4163 2886 4241 questo

226 4263 412 4328 Sex-¹¹¹⁰
458 4284 528 4326 re
573 4261 617 4326 li
663 4262 828 4327 116116
874 4264 1180 4347 promisso
1213 4261 1328 4326 che
1359 4263 1555 4348 quest'
1604 4264 1935 4325 invernata
1981 4259 2044 4325 la
2075 4260 2346 4325 Cesarea
2377 4261 2622 4325 Maesta
2664 4262 2888 4326 venira

224 4372 289 4433 in
338 4368 684 4434 Germania
730 4380 791 4434 et
837 4370 975 4433 fara
1035 4392 1161 4433 una
1219 4368 1390 4433 dieta
1433 4367 1758 4453 imperiale
1820 4390 1935 4453 per
1992 4365 2035 4431 il
2083 4366 2504 4431 stabilimento
2552 4365 2618 4430 di
2666 4377 2887 4452 questa

222 4498 400 4562 pace,
447 4475 613 4540 nella
657 4475 845 4562 quale
891 4498 1026 4539 esso
1073 4499 1141 4540 re
1187 4475 1476 4541 Gioanne
1524 4477 1574 4539 si
1622 4477 1934 4539 ritrovera
1979 4486 2301 4560 presente,
2348 4496 2462 4559 per
2508 4472 2884 4540 concludere

371 4706 414 4782 ¹)
458 4708 572 4779 Vyl.
608 4710 743 4762 oben
778 4724 893 4761 nrr.
934 4710 1024 4761 88.
1064 4711 1154 4761 90.
