3500 5300
1420 399 1519 455 No.
1560 403 1585 454 1
1609 401 1661 454 *ι
1702 402 1857 456 1536.
2867 401 2978 465 355

306 592 496 656 modo
510 592 896 679 judicarent,
921 593 1246 681 leviusque
1273 596 1354 660 sit
1376 594 1511 679 tibi,
1542 598 1778 683 partito
1811 621 1954 661 curn
1990 598 2127 663 aliis
2158 622 2385 682 onere3
2418 609 2480 665 et
2504 600 2801 665 Deuter0.
2824 613 2853 667 1
2891 602 2974 687 ¹):
3034 606 3175 656 1536

302 699 477 785 quod
524 701 594 782 si,
641 701 846 787 inquit
892 699 1120 784 Moses,
1168 701 1424 767 difficile
1465 700 1648 767 vobis
1692 704 1900 768 visum
1947 703 2185 793 aliquid
2235 706 2439 789 fuerit,
2486 706 2713 772 referte
2759 708 2841 773 ad
2875 730 2975 774 me

304 812 369 869 et
414 828 531 893 ego
579 806 853 871 audiam.

483 913 673 995 Quod
733 936 886 979 vero
951 912 1379 980 absolutiones
1437 938 1542 981 ere
1600 916 2025 1000 redimantur,
2074 920 2253 1005 justa
2316 928 2491 985 caret
2549 923 2973 1007 responsione,

246 1030 283 1084 5
304 1043 450 1085 cum
511 1043 638 1086 non
699 1019 1141 1105 absolutiones,
1206 1023 1316 1087 sed
1378 1022 1751 1089 absolvendi
1807 1024 2180 1090 facultatum
2242 1025 2590 1114 diplomata
2646 1049 2752 1093 ere
2811 1025 2975 1094 redi·

302 1137 589 1212 mantur,
659 1150 782 1215 que
826 1131 1098 1215 pecunia
1143 1128 1244 1193 vel
1304 1131 1369 1194 in
1414 1132 1727 1216 premium
1793 1132 1963 1197 cedit
2006 1131 2243 1198 laboris
2304 1133 2400 1198 his
2458 1135 2567 1222 qui
2623 1134 2975 1222 diplomata

304 1234 679 1318 conficiunt,
750 1235 852 1300 vel
917 1235 1056 1300 loco
1126 1259 1288 1323 pene
1350 1237 1629 1302 succedit
1686 1240 1753 1302 in
1814 1239 1953 1324 pios
2012 1262 2162 1303 usus
2229 1240 2614 1326 erroganda:
2690 1240 2973 1329 falsoque

300 1343 627 1428 impigitur
686 1365 996 1429 pauperes
1055 1341 1448 1409 absolutione
1508 1366 1754 1427 carere,
1830 1368 1976 1410 cum
2043 1348 2194 1411 satis
2251 1345 2544 1411 omnibus
2601 1356 2842 1413 constet
2909 1357 2974 1414 et

299 1450 690 1536 paupertatis
749 1450 1128 1535 condignam
1187 1452 1252 1514 in
1312 1449 1815 1517 absolutionibus
1858 1453 2138 1517 maxime
2183 1451 2403 1518 haberi
2461 1455 2802 1520 rationem:
2862 1457 2970 1543 qui

209 1566 281 1618 10
298 1557 352 1620 si
420 1557 690 1643 pecunia
757 1565 978 1621 carent
1043 1580 1159 1643 pro
1230 1557 1614 1623 redimendis
1682 1557 1878 1623 literis
1938 1559 2168 1647 quibus
2235 1582 2341 1624 eos
2398 1559 2771 1627 absolvendi
2840 1564 2970 1627 suis

299 1663 634 1729 ordinariis
679 1664 946 1729 facultas
991 1665 1194 1746 detur,
1243 1665 1508 1730 Romam
1558 1665 1657 1730 vel
1698 1665 2129 1732 mendicantes
2162 1666 2471 1732 accedant
2515 1690 2556 1732 a
2584 1669 2810 1754 majori
2858 1676 2968 1734 aut

298 1769 649 1835 minoribus
732 1772 1189 1858 penitentiariis
1271 1773 1406 1836 sine
1474 1771 1604 1836 ulla
1673 1774 1944 1859 pecunie
2004 1775 2441 1839 numeratione
2507 1773 2965 1841 absolutionem

294 1877 625 1963 recepturi.
673 1876 907 1964 quibus
952 1879 1143 1943 etiam
1177 1877 1554 1944 subvenitur
1584 1881 1656 1963 si,
1702 1902 1818 1965 per
1845 1880 2276 1945 infirmitatem
2316 1888 2427 1945 aut
2456 1881 2626 1968 quod
2658 1880 2964 1947 familiam

296 2006 474 2047 suam
508 1991 573 2048 et
603 1982 769 2049 alere
800 1991 862 2049 et
893 2007 1109 2071 regere
1140 1993 1493 2067 teneantur,
1527 2008 1650 2050 non
1683 1985 1942 2051 valeant
1964 1987 2230 2051 Romam
2265 1987 2586 2071 accedere,
2609 1987 2707 2052 his
2732 1989 2962 2055 condo-

202 2098 275 2152 15
296 2087 659 2154 nationibus
706 2112 828 2177 que
875 2094 1127 2177 saepius
1171 2114 1288 2178 pro
1334 2090 1739 2178 hospitalium
1787 2091 2201 2159 subventione
2247 2102 2359 2158 aut
2417 2093 2820 2160 ecclesiarum
2865 2119 2961 2162 re·

293 2198 622 2282 paratione
667 2197 734 2261 in
781 2195 1110 2284 quibusvis
1155 2200 1501 2284 provinciis
1549 2198 1960 2286 elargiuntur.

472 2417 533 2477 6.
625 2410 759 2475 Nec
806 2410 1220 2494 admittimuS,
1268 2412 1436 2499 quod
1482 2436 1602 2499 pro
1652 2419 1835 2478 sexto
1881 2416 2252 2500 gravamine
2298 2413 2660 2500 subjicitur,
2715 2436 2798 2479 ex
2859 2413 2956 2479 his

289 2516 868 2603 dispensationibus
914 2517 1238 2604 quandam
1284 2518 1477 2583 tribui
1508 2518 1679 2583 mala
1722 2520 2131 2607 perpetrandi
2161 2519 2545 2603 facilitatem,
2591 2521 2712 2584 nisi
2755 2520 2956 2585 velint

290 2630 353 2689 et
400 2622 523 2688 Dei
569 2624 1065 2690 misericordiam
1115 2633 1177 2690 et
1209 2624 1609 2691 clementiam
1656 2625 1778 2692 sibi
1820 2628 1889 2692 in
1935 2627 2266 2714 pernitiem
2301 2635 2363 2692 ct
2406 2626 2714 2714 peccandi
2758 2624 2953 2691 facul·

193 2742 270 2796 20
287 2739 480 2796 tatem
550 2730 801 2796 trahere
818 2781 835 2814 ,
904 2755 1027 2819 que
1093 2739 1307 2797 tamen
1366 2732 1507 2798 ideo
1576 2734 1836 2798 minime
1893 2741 1990 2798 est
2034 2733 2436 2820 coarguenda
2494 2733 2756 2820 perinde
2802 2732 2952 2798 mali

287 2838 618 2925 cujusdam
662 2838 876 2904 fomes.
965 2846 1255 2925 preterea
1297 2838 1535 2904 bonum
1596 2846 1856 2926 propter
1898 2838 2133 2903 malum
2191 2840 2450 2904 minime
2503 2838 2948 2925 abjiciendum.

287 2947 615 3010 consuevit
657 2947 849 3011 etiam
896 2944 1241 3032 apostolica
1284 2946 1498 3030 sedes,
1557 2969 1638 3011 ne
1696 2946 1763 3011 id
1824 2946 1994 3033 quod
2054 2945 2243 3011 modo
2288 2946 2392 3010 isti
2438 2943 2746 3032 objiciunt
2802 2943 2947 3009 sub-

287 3059 587 3138 sequatur
631 3054 740 3136 (ne
771 3052 1009 3117 scilicet
1053 3050 1119 3116 hi
1165 3074 1313 3118 cum
1344 3051 1577 3139 quibus
1621 3054 1711 3117 ita
1739 3052 2171 3138 dispensatum
2216 3059 2330 3135 est,
2359 3051 2706 3139 pejerandi,
2750 3048 2946 3115 homi-

287 3158 454 3223 cidia
499 3157 811 3223 adulteria
854 3167 918 3223 ct
962 3157 1190 3223 similia
1233 3158 1477 3245 flagitia
1520 3158 1925 3246 perpetrandi
1970 3180 2187 3223 ansam
2235 3158 2606 3244 accipiant),
2664 3156 2946 3244 quando·

190 3276 267 3330 25
286 3264 539 3352 quidem
608 3273 901 3352 paratum
964 3264 1241 3330 habeant
1307 3288 1390 3331 ex
1451 3264 1795 3352 diplomate
1852 3264 2195 3351 apostolico
2255 3286 2442 3351 quem
2498 3262 2946 3329 confessionale

284 3381 517 3437 vocant
564 3371 953 3437 sacerdotem
1002 3374 1112 3460 qui
1141 3370 1598 3438 absolutionem
1643 3372 2060 3458 impertiatur,
2106 3369 2452 3437 clausulam
2497 3369 2772 3455 adjicere
2817 3391 2944 3454 qua

283 3502 359 3542 ca
388 3479 672 3543 irritatur
701 3479 908 3565 gratia
939 3480 991 3543 si
1022 3501 1097 3544 ea
1128 3478 1364 3543 fiducia
1392 3477 1599 3543 laxior
1628 3485 1692 3543 et
1720 3477 1804 3543 ad
1835 3476 2230 3564 peccandum
2258 3475 2600 3563 proclivior
2627 3475 2771 3559 fiat3
2818 3495 2942 3562 que

286 3587 352 3649 in
404 3608 588 3650 usum
633 3585 996 3651 revocanda
1042 3585 1221 3669 foret,
1267 3586 1317 3649 si
1362 3585 1524 3650 forte
1568 3584 1756 3649 modo
1804 3607 1844 3648 a
1886 3581 2176 3671 pluribus
2221 3584 2298 3647 sit
2342 3583 2761 3669 pretermissa.

696 3806 751 3864 7.
831 3798 932 3864 De
978 3796 1485 3886 predicatoribus
1528 3796 2086 3883 indulgentiarium
2131 3796 2527 3861 stationariis.

184 3919 262 3973 30
459 3907 649 3986 Quod
694 3898 1070 3994 proponitur
1113 3906 1194 3972 de
1238 3906 1746 3970 stationariorum
1794 3903 2178 3985 excessibus,
2224 3901 2379 3966 nihil
2436 3908 2532 3966 est
2578 3898 2747 3987 quod
2784 3921 2936 3985 apo-

280 4011 496 4077 stolice
543 4012 675 4077 sedi
721 4014 1077 4099 imputetur.
1171 4012 1224 4078 si
1270 4011 1423 4099 quid
1481 4012 1647 4075 enim
1704 4010 1788 4075 ab
1849 4011 1939 4075 eis
1995 4031 2112 4096 per
2168 4007 2383 4073 sordes
2439 4012 2502 4071 et
2555 4008 2939 4093 imposturas

278 4127 556 4184 erratum
617 4119 806 4185 fuerit
859 4141 1003 4184 cum
1061 4118 1160 4184 his
1217 4116 1630 4183 abusionibus
1690 4124 1760 4181 ut
1815 4115 2128 4202 simplices
2195 4114 2515 4200 decipiant
2579 4119 2642 4176 et
2709 4133 2935 4177 aurum

277 4224 494 4291 subtili
540 4227 644 4291 vel
687 4225 877 4292 salaci
921 4226 1130 4312 potius
1174 4226 1431 4312 ingenio
1477 4228 1924 4310 extorqueant,
1988 4222 2140 4286 satis
2197 4220 2524 4307 provisum
2581 4218 2771 4284 fuerit
2787 4267 2805 4299 ‚
2866 4224 2937 4282 ut

277 4356 472 4420 supra
514 4334 950 4416 meminimus,
1011 4331 1094 4396 ab
1140 4330 1512 4397 Innocentio
1557 4329 1676 4394 ΙΙΙ.
1737 4331 1804 4393 in
1861 4326 2138 4415 generali
2198 4324 2611 4391 Lateranensi
2669 4320 2935 4387 concilio

182 4450 257 4505 35
276 4448 338 4506 et
384 4464 423 4505 a
469 4440 793 4506 Clemente
837 4438 937 4516 V.‚
984 4444 1173 4524 prout
1217 4435 1488 4502 habetur
1529 4438 1599 4501 in
1642 4457 1694 4502 c.
1742 4457 1826 4500 ex
1873 4456 1980 4499 ore
2026 4432 2105 4498 de
2152 4432 2316 4519 peni.
2376 4438 2439 4497 et
2482 4430 2719 4495 remiss.
2749 4427 2824 4515 ¹²),
2871 4435 2936 4492 et

421 4690 463 4759 ¹)
503 4691 692 4744 5Mos.
730 4693 761 4742 1
796 4705 845 4742 v.
886 4692 968 4743 17.

419 4779 463 4848 ²)
502 4780 557 4833 S.
596 4796 643 4833 ο.
2390 4856 2509 4911 23*
