3500 5300
386 553 525 603 1538

332 620 463 674 Jan.
502 625 581 674 30

334 1853 476 1907 Mrz.
514 1856 583 1907 12

596 346 704 411 444
1234 350 1894 409 N0.11*-12*:1538
1929 349 2130 408 Januar
2165 351 2251 409 30.
2269 349 2491 407 -Miirz
2532 353 2615 408 12.

597 549 799 633 Regia
858 548 1227 634 Majestate,
1285 551 1475 614 etiam
1534 549 1615 615 ab
1685 550 1904 615 inclito
1978 549 2285 614 Bohemie
2357 571 2550 634 regno
2625 559 2691 613 et
2747 548 2916 614 illius
2986 548 3278 615 statibus

597 678 714 742 pro
759 656 1223 721 consuetudine
1270 667 1335 721 et
1381 659 1762 722 necessitate
1808 679 1933 721 una
1979 679 2122 721 cum
2168 657 2398 722 litteris
2445 656 2939 722 credentialibus
2987 659 3279 721 instruc-

597 765 770 828 tione
827 763 1126 828 mandato
1184 786 1259 827 ac
1318 772 1634 849 potestate
1692 764 1818 828 sibi
1879 786 2183 829 concessa
2229 763 2376 830 hinc
2423 786 2503 828 ex
2549 786 2746 849 regno
2790 763 2873 829 ad
2919 764 3276 829 concilium

598 870 932 955 proficisci.

776 976 864 1040 Et
919 979 972 1041 si
1032 976 1151 1041 hec
1210 977 1425 1042 brevis
1472 977 1844 1042 deliberatio
1903 977 2074 1042 utilis
2135 1000 2210 1042 ac
2255 979 2423 1042 bona
2477 981 2736 1043 inventa
2783 987 2848 1042 et
2893 981 3042 1044 visa
3089 982 3277 1042 stati·
3321 990 3351 1042 5

597 1083 715 1147 bus
763 1086 937 1168 regni
994 1093 1260 1169 accepta
1317 1084 1542 1163 fuerit,
1610 1085 1801 1149 facile
1869 1086 1933 1147 in
1997 1107 2329 1149 commune
2389 1085 2636 1150 consuli
2695 1085 2964 1172 posthac
3029 1089 3275 1172 poterit

598 1189 750 1276 quid
797 1190 1068 1277 amplius
1113 1192 1246 1255 fieri
1293 1193 1499 1277 possit
1544 1213 1619 1255 ac
1666 1189 1915 1255 debeat.

776 1296 920 1362 Hec
980 1297 1417 1363 tantummodo
1476 1297 1760 1363 breviter
1821 1297 2102 1363 indicare
2147 1298 2389 1384 placuit
2444 1307 2507 1363 et
2553 1301 2731 1384 quasi
2779 1298 2983 1383 digito
3033 1301 3277 1384 princi—

597 1406 772 1490 pium
817 1403 1138 1489 quoddam
1184 1414 1550 1482 monstrare,
1596 1428 1721 1490 que
1769 1405 2024 1470 tandem
2067 1414 2135 1469 et
2179 1405 2428 1491 longius
2474 1405 2791 1491 latiusque
2822 1405 3111 1470 describi
3159 1429 3276 1492 po-

598 1519 827 1589 terunt,
873 1513 1083 1575 omnia
1129 1514 1195 1576 in
1240 1512 1493 1577 laudem
1556 1520 1619 1576 et
1679 1512 1983 1576 honorem
2051 1512 2343 1576 altissimi
2389 1512 2515 1576 Dei
2578 1521 2644 1576 et
2710 1535 2829 1597 pro
2899 1512 3080 1577 bono
3153 1515 3274 1577 rei-
3295 1529 3350 1579 ln
3471 1551 3472 1646 1

599 1617 853 1703 publice
899 1617 1239 1683 christiane
1286 1641 1360 1683 ae
1408 1621 1582 1703 regni
1629 1618 1937 1683 Bohemie
1983 1628 2106 1683 ete.

604 1850 688 1917 12
704 1854 760 1917 *.
856 1850 1097 1933 Herzoy
1152 1853 1350 1933 Geory
1410 1874 1528 1915 ‘ron
1577 1851 1853 1916 Sao-Iesen
1911 1873 2000 1915 αη
2059 1852 2320 1916 Moronc
2351 1853 2401 1938 ¹)
2418 1873 2438 1913 .·
2505 1851 2651 1915 iiber
2697 1852 2969 1935 Mdnyel
3033 1854 3110 1916 in
3167 1854 3279 1917 der

620 1958 957 2023 Visitation
1004 1959 1115 2022 der
1149 1958 1533 2023 Gec'stlichen
1577 1960 1782 2022 sei-nm·
1813 1959 2037 2022 Laude
2082 1959 2220 2022 und
2265 1960 2336 2022 in
2382 1959 2566 2023 deren
2621 1958 2807 2041 Folqe
2850 1960 3279 2042 anyer-issem

602 2065 1088 2146 Sittenlodykeit
1157 2066 1262 2128 des
1337 2065 1561 2129 Olet-us
1621 2066 1758 2128 und
1828 2065 2405 2148 Verscldeuderuny
2458 2066 2571 2130 der
2624 2065 2992 2147 yeistlichen
3055 2066 3274 2132 Giuer.

603 2172 804 2236 Bittet
849 2173 958 2236 der
993 2172 1278 2236 Nuntius
1324 2179 1491 2254 miiye
1531 2177 1847 2254 qestatten,
1896 2173 2025 2255 dass
2068 2194 2137 2236 er
2182 2172 2286 2237 die
2320 2172 2704 2238 Geistlichen
2748 2173 2886 2236 und
2936 2172 2995 2237 V
2987 2174 3277 2238 &walia
3295 2187 3355 2239 15

604 2279 716 2343 der
770 2279 1127 2362 yeistlichmz
1201 2279 1402 2344 Gater
1467 2280 1665 2343 seina«,-
1723 2279 1978 2343 Lamles
2044 2279 2242 2345 durch
2309 2280 2489 2343 einen
2546 2281 2895 2362 yeeiqneten
2955 2279 3272 2345 Prdlaten

602 2387 925 2449 visiticren
970 2387 1108 2449 und
1146 2408 1334 2468 yeycn
1392 2387 1773 2468 Unwardiye
1825 2387 1965 2450 und
2022 2386 2558 2469 Wiclersjpc'z’nstiye
2604 2387 2699 2450 bis
2741 2407 2861 2451 sur
2907 2386 3276 2470 Absetzuny

606 2494 1010 2557 einschree'ten
1078 2494 1285 2558 lusson
1353 2493 1549 2576 diirfe.
1646 2493 1991 2575 Besorynis
2058 2494 2189 2575 (Ιᾳβ
2256 2494 2359 2558 die
2427 2493 2624 2558 durch
2681 2493 2950 2558 Morene
3004 2495 3081 2559 in
3141 2495 3272 2560 ihm

607 2606 837 2684 erreyte
882 2599 961 2665 H
955 2601 1210 2683 offnuny
1256 2599 1385 2682 auf
1418 2601 1525 2666 ein
1576 2599 1795 2666 Coneil
1847 2600 2189 2683 trit‘yerisch
2245 2621 2515 2682 yewesen
2577 2602 2717 2665 sein
2760 2601 3014 2667 meichte.
3111 2604 3276 2667 1538

607 2708 695 2772 M
689 2714 800 2773 ἀνῇ
854 2712 931 2773 12
976 2708 1280 2774 Dresdm.
3288 2723 3355 2778 ΞΟ

747 2835 868 2887 Ans
904 2833 1133 2902 Neapel,
1178 2835 1275 2888 Gr.
1314 2802 1584 2889 Archivio-
1614 2832 1780 2888 Carte
1817 2832 2040 2887 Parnes.
2080 2833 2241 2888 Fasc.
2282 2833 2384 2887 755
2427 2832 2578 2903 Oriy.

784 2957 848 3022 S.
897 2957 1449 3023 Reverendissime
1510 2962 1574 3023 in
1622 2958 1880 3023 Christo
1926 2968 2109 3045 pater
2155 2967 2220 3021 et
2265 2960 2466 3024 amice
2513 2958 2869 3044 singularis·
2961 2970 3144 3025 tanta
3176 2973 3270 3024 est

606 3066 1109 3151 pestilentissimi
1167 3065 1334 3130 illius
1396 3065 1868 3129 Lutheranismi
1929 3068 2224 3150 contagio
2283 3074 2346 3128 et
2405 3069 2819 3152 perversitaS,
2887 3076 2961 3131 ut
3018 3089 3271 3154 quoquc·

606 3195 734 3236 non
779 3194 1015 3258 paucos
1063 3173 1342 3257 prelatos
1390 3172 1653 3237 abbates
1700 3174 2055 3258 prepositos
2103 3175 2344 3258 priores
2380 3172 2860 3238 comendatores
2909 3174 3271 3239 abbatissas

609 3290 670 3342 et
718 3279 1052 3344 nonnullos
1112 3280 1268 3344 alios
1332 3280 1905 3345 ecclesiasticorum
1963 3279 2273 3344 bonorum
2331 3279 2876 3345 administratores
2922 3283 2990 3344 in
3037 3280 3355 3349 dueatuffi

611 3396 672 3449 et
719 3389 1049 3473 provincia
1094 3397 1310 3453 nostra
1355 3398 1747 3473 corrumpat,
1808 3394 1877 3450 ut
1934 3390 2003 3451 in
2059 3388 2368 3472 pessimos
2431 3396 2494 3451 et
2539 3410 2666 3451 non
2715 3386 3016 3453 ferendos
3064 3410 3272 3453 mores

609 3494 838 3558 abeant
909 3494 1467 3580 ecclesiasticaque
1535 3493 1702 3557 bona
1771 3491 2122 3579 dilapident
2181 3503 2244 3557 et
2305 3492 2696 3580 decoquant!
2789 3495 2962 3580 quod
3013 3497 3270 3581 quidem

608 3603 837 3687 partim
884 3600 1029 3665 inde
1077 3602 1310 3666 accidit
1367 3601 1537 3687 quod
1597 3600 1855 3688 quidam
1916 3623 1996 3665 ex
2057 3600 2185 3665 illis
2244 3604 2522 3688 exempti
2568 3612 2635 3665 et
2693 3600 2832 3665 sedi
2879 3604 3272 3688 apostolicae

612 3708 969 3773 immediate
1017 3709 1286 3795 subjecti
1347 3719 1496 3773 sunt
1555 3731 1673 3773 nec
1721 3708 1992 3795 aliquam
2041 3708 2466 3772 visitationem
2522 3708 2687 3772 ferre
2737 3710 2997 3789 volunt;
3045 3714 3276 3796 partim

610 3827 823 3881 autem
868 3817 1039 3901 quod
1089 3817 1334 3881 illorum
1380 3818 1741 3881 visitatores
1790 3823 2227 3901 apostatarunt
2289 3825 2352 3878 et
2410 3815 2529 3879 sub
2576 3815 2962 3880 Lutheranis
3013 3816 3354 3903 degunt&
3471 3862 3472 3877 2

611 3927 716 4009 qui
766 3947 878 4009 per
924 3923 1061 4002 hoc,
1107 3926 1162 3987 si
1208 3924 1351 3987 illos
1399 3922 1481 3988 ad
1528 3925 1954 3987 visitationem
2001 3921 2494 4000 admitteremuS,
2540 3922 2726 3986 facile
2760 3933 2822 3987 et
2871 3925 3122 4010 reliqua
3157 3925 3274 3989 sibi

612 4031 1005 4095 vindicarent
1054 4053 1125 4095 ac
1174 4031 1442 4094 heresim
1499 4052 1678 4094 suam
1736 4032 1799 4093 in
1858 4032 2253 4116 provinciam
2313 4041 2590 4094 nostram
2638 4031 2757 4093 sub
2806 4030 2929 4095 hoc
2977 4045 3276 4117 pretextu

613 4138 1003 4202 inveherent„
1117 4136 1347 4202 deinde
1408 4140 1527 4201 etsi
1596 4140 1702 4222 qui
1776 4135 1981 4201 adhuc
2051 4147 2386 4223 supersunt
2453 4137 2533 4200 ab
2618 4137 2734 4201 hac
2819 4136 2964 4202 labe
3031 4142 3280 4223 integri,

614 4247 871 4308 nimium
920 4258 1128 4308 tamen
1178 4270 1215 4309 a
1260 4245 1442 4308 nobis
1490 4243 1728 4308 distant
1774 4256 1840 4306 et·
1883 4266 2023 4307 raro
2071 4266 2185 4308 suo
2241 4243 2591 4329 funguntur
2635 4244 2856 4308 offitio,
2949 4258 3278 4332 postremo

615 4364 759 4416 sunt
809 4364 873 4415 et.
920 4355 978 4415 in
1027 4376 1102 4412 (ιο
1152 4350 1503 4416 exercendo
1552 4353 1826 4416 invicem
1875 4361 2004 4415 tam
2059 4350 2280 4415 faciles
2327 4359 2397 4414 ut
2442 4350 2689 4415 soleant
2732 4350 2817 4414 ad
2862 4356 3082 4419 omnia
3128 4365 3355 4420 con-35

615 4463 832 4525 nivere
880 4467 942 4521 ot
989 4462 1309 4523 cornicum
1357 4483 1528 4522 more
1561 4482 1779 4543 agere:
1827 4458 2111 4544 proinde,
2158 4460 2209 4521 si
2259 4479 2386 4521 non
2433 4459 2554 4542 ipsi
2603 4460 2668 4522 in
2714 4480 2825 4522 eos
2873 4461 3278 4525 animadver-

766 4656 805 4723 ¹)
846 4657 933 4708 'An
974 4656 1168 4709 diesem
1203 4657 1323 4709 und
1360 4656 1480 4710 dem
1515 4656 1808 4724 solqenden
1854 4655 2023 4709 Stic'ck
2066 4654 2168 4723 1³91.
2218 4656 2353 4709 oben
2387 4672 2474 4708 nr.
2513 4658 2618 4722 82,
2673 4656 2835 4708 sowie
2872 4656 2942 4710 F.
2984 4657 3122 4711 (ἴω
3171 4657 3273 4711 Die

618 4743 1197 4798 Klostem·isitationen
1226 4746 1318 4798 cles
1354 4746 1597 4816 Her-2093
1635 4744 1813 4814 θεον-9
1848 4763 1953 4798 von
1988 4744 2238 4800 Sachsen.
