3500 5300
520 339 629 401 Bm
1457 343 1554 396 No.
1598 343 1728 396 124:
1768 343 1908 397 1535
1942 341 2143 395 Januar
2177 342 2264 396 27.

311 545 451 595 1535
525 540 770 626 cipuae‚
816 538 927 603 sed
974 541 1075 602 vir
1120 560 1317 602 senex
1362 540 1430 601 in
1477 544 1655 602 tanta
1696 536 2073 601 difficultate
2118 535 2376 602 deberet
2420 536 2699 622 cogitare
2745 536 3194 622 compendium

256 613 387 665 Jan.
425 616 504 667 2⁷
526 645 966 709 brevissimum
1016 653 1079 709 et
1126 667 1249 709 non
1297 646 1388 710 ire
1436 667 1550 731 per
1595 642 1824 729 lungas
1870 645 2024 708 vias.
2083 643 2251 708 unde
2297 643 2650 708 timendum
2695 651 2792 708 est
2835 665 2918 707 ne
2962 645 3198 730 imper-

526 752 762 817 fectum
809 774 968 838 opus
1014 750 1196 816 nobis
1242 751 1559 838 relinquat
1606 774 1753 815 cum
1786 751 2025 837 majore
2061 752 2318 838 jactura
2359 748 2744 836 reipublicae
2791 749 3193 815 christianae.

702 859 861 923 Visa
891 867 986 923 est
1015 858 1169 923 mihi
1199 866 1527 945 praeterea
1561 858 1692 923 Sua
1722 857 2044 922 Sanctitas
2077 857 2262 921 valde
2293 880 2520 944 parum
2565 857 2908 921 informata
2951 857 3019 922 in
3064 880 3196 944 quo

525 972 693 1031 statu
739 967 868 1030 sint
910 988 1011 1030 res
1056 961 1441 1031 Germaniae
1487 972 1550 1029 et
1595 965 1983 1050 Hungariae.
2076 967 2224 1029 item
2281 964 2433 1028 mihi
2490 964 2629 1028 visa
2686 971 2782 1028 est
2836 966 3041 1050 magis
3089 987 3193 1029 co-
3252 975 3289 1027 5

525 1075 727 1159 gitare
773 1073 854 1137 de
897 1074 1039 1158 ipsa
1086 1073 1374 1158 Ungaria
1432 1072 1621 1136 modo
1683 1094 1871 1159 quam
1922 1072 2002 1136 de
2026 1071 2390 1154 Germania,
2437 1079 2501 1135 et
2546 1068 2733 1136 valde
2779 1069 2972 1135 habet
3016 1072 3195 1136 cordi

529 1180 699 1267 quod
744 1181 906 1245 inter
952 1179 1209 1245 Sacram
1258 1179 1657 1265 Majestatem
1705 1178 1999 1244 Vestram
2049 1187 2111 1243 et
2159 1177 2511 1243 Vaivodam
2569 1184 2933 1265 sequeretur
2979 1177 3197 1265 aliqua

525 1286 897 1368 concordia,
966 1286 1045 1350 de
1113 1309 1241 1373 qua
1299 1308 1546 1350 mecum
1604 1285 1804 1350 multa
1850 1284 2096 1351 locutus
2142 1293 2251 1351 est.
2342 1307 2564 1350 verum
2617 1306 2735 1370 ego
2781 1284 2978 1350 libere
3036 1286 3194 1368 dixi,

525 1394 714 1458 sicuti
781 1391 935 1457 mihi
1003 1392 1421 1457 mandaverat
1466 1393 1769 1478 Majestas
1814 1392 2076 1475 Vestra,
2125 1392 2294 1479 quod
2342 1393 2472 1457 Sua
2518 1392 2838 1458 Sanctitas
2895 1413 3024 1456 non
3086 1392 3193 1456 de·

525 1499 704 1565 beret
749 1499 981 1565 habere
1040 1507 1379 1564 tractatum
1451 1522 1655 1586 neque
1723 1498 2203 1585 intelligentiam
2271 1497 2465 1563 ullam
2513 1521 2768 1585 prorsus
2835 1521 2981 1563 cum
3043 1499 3195 1564 Vai-
3217 1509 3289 1562 10

525 1607 694 1672 voda
738 1615 801 1671 et
848 1629 991 1670 cum
1040 1608 1187 1688 suia,
1234 1606 1343 1671 sed
1388 1607 1597 1692 potius
1641 1607 1920 1691 cogitare
1964 1605 2224 1671 deberet
2268 1606 2348 1671 de
2393 1628 2468 1670 eo
2514 1606 2928 1693 opprimendo
2976 1613 3040 1670 et
3085 1628 3194 1670 ex-

524 1713 818 1801 pellendo
866 1721 1187 1800 tamquam
1247 1712 1499 1778 homine
1568 1714 1919 1799 pernicioso
1989 1722 2052 1777 et
2118 1714 2456 1799 conjuncto
2491 1713 2631 1799 jam
2675 1720 2771 1778 tot
2815 1714 3001 1777 annis
3046 1736 3194 1778 cum

526 1827 703 1886 tanta
737 1821 996 1906 jactura
1042 1819 1533 1885 Christianitatis
1579 1843 1726 1884 cum
1773 1820 1927 1906 ipsis
1972 1818 2258 1884 Thurcis.
2350 1826 2413 1884 et
2457 1819 2540 1884 ad
2586 1819 2754 1884 istud
2799 1822 3195 1907 propositum

528 1925 814 1992 dicebam
888 1934 1196 2014 quantum
1242 1927 1474 1991 Vestra
1518 1927 1722 2012 Regia
1769 1926 2071 2012 Majestas
2116 1928 2197 1990 sit
2242 1926 2533 1991 defensor
2579 1926 2743 1991 sedis
2810 1926 3198 2013 apostolicae

522 2035 591 2098 in
638 2034 735 2099 his
781 2033 1169 2121 temporibus
1215 2034 1374 2099 adeo
1421 2034 1787 2119 negociosis.
1882 2034 1965 2098 ad
2024 2056 2187 2121 quae
2245 2035 2457 2099 omnia
2502 2033 2633 2099 Sua
2678 2033 2997 2099 Sanctitas
3041 2034 3197 2099 mihi
3222 2043 3290 2095 15

524 2139 950 2228 respondebat
994 2141 1165 2229 quod
1211 2142 1467 2205 miserat
1496 2140 1754 2227 quidem
1787 2141 2123 2205 Rorarium
2170 2164 2285 2228 pro
2317 2141 2656 2206 concordia
2697 2140 2807 2205 illa
2837 2141 3197 2224 tractanda,

527 2231 751 2313 verum
801 2249 971 2335 quod
1017 2247 1105 2312 illi
1156 2249 1658 2313 commissionem
1707 2248 1969 2313 dederat
2015 2248 2185 2335 quod
2232 2249 2408 2334 prius
2453 2249 2666 2313 omnia
2700 2250 3200 2314 communicaret

534 2377 679 2420 cum
711 2355 1045 2442 Majestate
1082 2355 1331 2438 Vestra,
1379 2356 1512 2419 sine
1558 2356 1741 2441 cujus
1787 2356 1950 2420 scitu
1996 2354 2149 2419 nihil
2198 2363 2366 2420 certe
2413 2357 2478 2420 in
2524 2353 2634 2420 illa
2678 2357 2944 2421 materia
2988 2355 3201 2421 facere

527 2460 825 2527 voluisset
854 2464 923 2546 ¹).

672 2673 714 2744 ¹)
754 2675 871 2731 Der
927 2676 1277 2743 Geleitsbrief
1317 2677 1415 2742 fiir
1466 2678 1751 2733 Gir-clamo
1800 2677 2043 2732 Rorario
2093 2678 2217 2743 (der
2265 2677 2459 2732 bereits
2507 2678 2598 2732 ein
2645 2679 2952 2733 Jahrzehnt
2998 2679 3199 2744 frither-
3217 2685 3291 2736 20

525 2767 600 2820 im
641 2765 1000 2834 pcipstlichcn
1039 2767 1289 2837 Austray
1336 2767 1482 2821 nach
1530 2765 1923 2821 Deutschland
1967 2767 2274 2835 qekommen
2319 2784 2461 2833 war,
2511 2784 2553 2821 s.
2591 2768 2645 2820 d.
2683 2768 3001 2837 allyemeine
3048 2768 3196 2822 Ein-

526 2858 760 2926 leittmy)
795 2858 869 2910 ist
906 2873 1029 2910 vom
1065 2848 1099 2909 5
1137 2855 1447 2909 December.
1523 2855 1592 2910 R.
1632 2856 1775 2910 wird
1825 2857 1910 2909 als
1958 2856 2184 2909 nuntius
2234 2863 2291 2910 et
2340 2856 2674 2911 camerarius
2721 2864 2910 2911 noster
2945 2864 3197 2911 secretus

526 2946 840 3012 bezeichnet,
888 2961 1051 3016 quem
1099 2962 1200 3014 pro
1251 2945 1527 2998 communi
1565 2943 1709 2998 bono
1756 2945 1927 2998 totius
1966 2944 2399 2999 Christianitatis
2455 2945 2742 2999 mittimus.
2817 2945 2988 3014 Rom,
3027 2946 3194 3003 Arch.

532 3035 654 3089 Vat.
694 3033 846 3087 Arm.
886 3034 956 3089 40
994 3033 1115 3087 Vol.
1157 3035 1225 3089 49
1262 3033 1355 3087 fol.
1395 3034 1496 3087 261
1550 3051 1630 3087 nr.
1668 3034 1775 3087 309
1819 3032 1977 3088 Cone.
2063 3034 2229 3087 Unter
2275 3034 2394 3087 dem
2431 3037 2466 3087 6
2501 3032 2795 3089 December
2840 3035 3030 3089 warde
3075 3036 3196 3091 dem

526 3123 801 3179 cardinal
835 3140 939 3177 ron
982 3124 1169 3177 Trient
1205 3123 1266 3187 (l.
1307 3124 1340 3176 l.
1378 3140 1463 3175 nr.
1502 3126 1634 3189 310,·
1672 3123 1859 3192 Rayn.
1901 3126 2040 3176 1534
2076 3122 2115 3193 9
2153 3113 2209 3184 θ’)
2247 3123 2367 3177 und
2416 3124 2522 3177 den
2557 3125 2929 3193 unyarischen
2966 3122 3291 3195 Grossenffi

524 3212 586 3278 (l.
626 3213 659 3265 l.
697 3229 776 3265 nr.
816 3213 916 3265 311
936 3213 1080 3282 sqq.)
1116 3228 1223 3265 von
1261 3211 1376 3267 Res
1413 3211 1709 3280 Scnduny,
1759 3213 1949 3267 welche
1989 3212 2087 3266 der
2121 3213 2415 3282 Eim‘qunq
2462 3212 2718 3282 Unqarm
2750 3215 2918 3284 yelte,
2956 3215 3196 3285 Anzeiqe

524 3301 787 3370 qemacht.
870 3301 984 3368 Vyl.
1036 3305 1208 3353 unten
1256 3317 1341 3354 nr.
1380 3305 1503 3355 129.
1578 3299 1758 3354 Dann
1805 3302 2014 3355 schrieb
2060 3318 2167 3355 von
2203 3300 2345 3356 Rom
2394 3318 2498 3355 aus
2535 3319 2625 3355 am
2662 3306 2732 3356 19
2769 3302 3062 3358 December
3099 3304 3198 3358 der

530 3389 771 3455 Bischof
790 3406 897 3444 von
931 3389 1128 3454 Veroli,
1168 3389 1363 3442 Ennio
1390 3390 1712 3457 Filonardi,
1751 3390 1979 3444 ehemals
2007 3390 2259 3445 Nuntius
2295 3392 2358 3445 in
2395 3391 2492 3445 der
2519 3390 2755 3445 Schwciz
2791 3392 2856 3459 (s.
2883 3409 2931 3446 o.
2960 3409 3047 3446 nr.
3076 3394 3195 3461 40),

529 3478 747 3532 damula
786 3478 1148 3533 Gouverneur
1198 3478 1296 3532 der
1331 3479 1709 3548 Enyclsbury,
1758 3496 1836 3533 an
1872 3479 2147 3534 Rorario:
2201 3479 2469 3535 Havendo
2518 3480 2724 3536 Nostro
2770 3480 3002 3553 Signore
3051 3482 3194 3537 visto

529 3568 723 3622 lettere
773 3567 862 3620 del
911 3583 1142 3621 vescovo
1188 3566 1481 3622 Sirmiense
1526 3585 1560 3622 o
1607 3568 1864 3639 vogliano
1913 3568 2030 3623 dire
2078 3568 2291 3641 Cinque
2341 3570 2538 3625 Chiese
2584 3569 2845 3640 [Stefano
2891 3572 3195 3627 Broden'oo
3213 3574 3292 3627 30

528 3657 715 3712 Bisch.
736 3673 846 3710 ron
864 3655 1145 3724 Sirmium,
1182 3658 1334 3711 nicht
1352 3674 1457 3711 von
1474 3656 1885 3726 Foenfkirchen,
1922 3658 2469 3728 s.u.nrr.130.131]
2492 3659 2580 3714 del
2609 3660 2786 3730 primo
2806 3661 2863 3714 di
2882 3661 3195 3729 novembre,

532 3745 725 3800 scritte
773 3742 906 3816 pero
958 3752 1106 3801 sotto
1154 3746 1296 3800 altro
1332 3762 1522 3815 nome,
1569 3764 1668 3816 per
1704 3764 1814 3801 non
1848 3763 1997 3801 esser
2031 3748 2349 3816 intercette‚
2404 3764 2505 3818 per
2551 3749 2602 3803 le
2649 3750 2803 3821 quali
2851 3758 2910 3805 et
2955 3769 3057 3822 per
3105 3754 3196 3807 via

529 3829 693 3888 d‘uno
732 3833 875 3888 frate
912 3841 1115 3889 venuto
1152 3851 1186 3888 a
1221 3834 1458 3889 Venetia
1506 3836 1561 3889 di
1601 3836 1784 3906 quelle
1820 3836 2000 3890 bande
2049 3837 2090 3890 il
2124 3837 2379 3906 predetto
2414 3854 2645 3893 vescovo
2681 3855 2863 3895 essere
2898 3840 3010 3895 alla
3045 3842 3196 3897 volta

530 3923 584 3976 di
622 3922 866 3989 Vienna,
923 3924 1199 3978 chiamato
1235 3923 1327 3977 dal
1378 3941 1438 3978 re
1474 3924 1542 3978 de
1579 3924 1814 3979 Romani
1850 3942 1949 3994 per
1985 3931 2217 3979 trattare
2253 3927 2488 3981 accordo
2525 3927 2611 3982 col
2648 3944 2707 3982 re
2743 3927 3044 3998 Giovanni,
3081 3930 3196 3986 Sua

530 4008 753 4067 Santita
788 4028 857 4066 ne
895 4012 967 4066 ha
1004 4013 1211 4067 havuto
1248 4013 1495 4083 piscem,
1551 4014 1794 4083 parendo
1844 4014 1946 4069 che
1983 4013 2093 4069 Dio
2129 4032 2228 4084 per
2271 4032 2373 4069 sua
2408 4016 2784 4072 misericordia
2827 4019 2970 4073 vada
3013 4020 3193 4091 dispo—
3215 4021 3292 4074 35

529 4101 706 4156 nendo
743 4101 795 4155 le
833 4118 963 4156 cose
998 4102 1053 4156 al
1100 4101 1258 4170 bene,
1296 4109 1354 4158 et
1402 4103 1550 4157 m'ha
1598 4104 1890 4159 commisso
1936 4104 2117 4159 scriva
2151 4122 2187 4158 a
2223 4104 2289 4159 V.
2314 4104 2368 4160 S.
2406 4106 2509 4160 che
2545 4107 2878 4162 intendendo
2925 4108 2996 4163 lei
3034 4125 3067 4163 o
3103 4109 3198 4163 dal

530 4191 810 4245 cardinale
846 4191 901 4244 di
940 4191 1149 4246 'Frento
1186 4208 1218 4246 o
1255 4208 1355 4261 per
1389 4193 1534 4247 altra
1570 4193 1660 4247 via
1697 4193 1838 4247 che’l
1875 4193 2127 4263 predetto
2165 4211 2396 4250 vescovo
2431 4195 2487 4248 di
2534 4202 2685 4251 certo
2733 4196 2818 4250 sia
2866 4197 2924 4251 in
2961 4196 3195 4264 Vienna,

528 4280 656 4335 vadi
702 4296 737 4334 a
786 4280 971 4351 quella
1019 4281 1110 4334 via
1157 4287 1215 4334 et
1265 4281 1595 4351 interponga
1644 4283 1776 4353 ogni
1827 4300 1928 4337 sua
1973 4299 2140 4354 opera
2188 4284 2330 4340 ehe'l
2373 4285 2610 4340 accordo
2647 4285 2854 4341 habbia
2899 4287 3046 4356 loco,
3095 4305 3198 4359 pet

530 4376 739 4440 quanto
775 4370 822 4423 si
862 4367 954 4439 po,
990 4370 1395 4441 governandovi
1433 4368 1568 4441 pero
1604 4372 1661 4425 in
1700 4379 1898 4443 questa
1925 4380 2112 4427 vostra
2147 4374 2351 4428 andata
2386 4374 2442 4427 di
2468 4374 2683 4429 Vienna
2718 4377 2959 4431 secundo
2994 4376 3198 4447 patera

530 4459 585 4513 al
613 4458 867 4529 predetto
895 4458 1016 4512 R¹¹¹0
1045 4459 1102 4513 di
1130 4459 1356 4525 Trento,
1396 4478 1549 4516 come
1586 4462 1763 4517 anche
1800 4462 1852 4516 vi
1891 4462 1949 4517 fo
1976 4463 2254 4524 ordinato:
2292 4470 2350 4518 et
2375 4462 2579 4533 perche
2608 4465 2660 4519 vi
2689 4481 2925 4521 conosco
2960 4482 3199 4538 persona
3216 4475 3294 4528 40

529 4548 770 4603 discreta
815 4555 874 4603 et
908 4548 1206 4619 prudente,
1254 4566 1362 4604 non
1398 4550 1468 4604 m’
1507 4549 1800 4606 extendero
1838 4550 1937 4622 piu
1973 4553 2143 4619 oltra,
2193 4569 2253 4607 se
2297 4570 2407 4607 non
2455 4553 2558 4609 che
2593 4555 2665 4609 da
2712 4553 2821 4609 bon
2858 4555 3080 4611 flatello
3116 4557 3198 4629 gli

529 4637 745 4692 ricordo
780 4654 815 4691 a
864 4654 971 4692 non
1018 4645 1432 4708 pretet-mettere
1477 4642 1765 4695 occasione
1815 4659 1913 4711 per
1958 4643 2013 4697 la
2061 4642 2224 4712 quale
2273 4659 2509 4698 conosca
2555 4650 2744 4713 potere
2791 4643 2910 4699 fare
2956 4646 3200 4715 qualche

534 4725 659 4780 bon'
712 4744 880 4798 opera
927 4744 961 4781 a
1012 4725 1279 4783 beneficio
1326 4728 1471 4784 della
1517 4728 1882 4786 Christianith
1927 4737 1986 4786 et
2030 4732 2102 4786 ad
2151 4732 2355 4787 honore
2399 4733 2454 4786 di
2512 4733 2716 4789 Nostro
2764 4732 3023 4805 Signore,
3073 4738 3201 4808 che,
