3500 5300
343 485 517 608 15372

307 558 517 622 Ant-2

537 284 639 347 193
1523 283 1622 341 101
1658 285 1757 338 312
1797 281 2122 353 1537.Apnu
2159 282 2209 343 2,

717 479 842 544 Gis
903 481 1078 544 molti
1139 482 1342 563 giomi
1403 480 1464 544 le
1525 481 1855 564 provincie
1915 477 2341 564 patrimoniali
2403 476 2469 541 di
2517 475 2648 540 Sua
2691 475 2951 543 Maesta
2979 478 3026 555 ¹)
3077 484 3212 539 tro-

539 586 805 652 vandosi
852 586 937 651 da
983 609 1104 650 una
1151 598 1330 672 parte
1377 587 1421 651 il
1467 585 1711 663 TurcO‚
1770 585 1855 650 da
1913 584 2117 651 l'altra
2159 585 2203 649 li
2252 583 2598 656 Lutherani
2658 592 2725 646 et
2788 581 3213 649 dubitandosi

487 692 703 777 ‘degl’
733 695 1084 757 imminenti
1132 694 1412 779 pericoli‚
1457 695 1846 757 unitamcnte
1893 691 2330 757 deliberarono
2378 690 2516 757 fare
2558 688 2829 775 qualche
2872 686 3215 772 gagliarda

535 802 900 885 provisione
962 822 1078 884 per
1135 802 1376 884 potersi
1422 797 1769 863 defendere
1827 796 2223 881 bisognando
2271 795 2353 860 da
2398 795 2568 863 l'uno
2615 805 2681 859 et
2723 793 2808 859 da
2852 794 3099 873 Palu-03
3145 805 3215 858 et

538 929 616 969 ne
662 906 722 969 le
769 928 882 970 sue
915 904 1086 969 diete
1133 905 1505 970 stabilit-ono
1552 904 1618 969 di
1665 904 1882 968 volere
1929 914 2213 968 ottenere
2261 901 2344 966 da
2374 902 2614 966 Nostro
2661 899 2931 985 Signore
2977 901 3104 965 che
3147 900 3212 964 le
3260 927 3296 979 5

535 1020 767 1076 annate
814 1012 1102 1079 absentie
1150 1021 1216 1075 et
1259 1013 1550 1097 pensioni
1598 1020 1662 1075 et
1705 1011 1874 1075 simil
1921 1031 2069 1074 cose
2100 1048 2185 1081 4——
2222 1030 2403 1073 come
2434 1007 2522 1074 V.
2554 1006 2618 1071 S.
2650 1006 2890 1073 vedera
2920 1030 3042 1092 per
3071 1006 3133 1070 l’·
3182 1044 3214 1091 ⁶.

536 1120 714 1182 cluso
745 1128 811 1182 et
840 1119 1144 1202 originale
1175 1118 1556 1195 memoriale,
1602 1117 1789 1202 quale
1822 1116 1959 1188 Sua
1982 1116 2237 1183 Maesta
2281 1114 2448 1179 m’ha
2480 1114 2644 1179 fatto
2674 1114 2827 1179 dare
2856 1118 2903 1195 ²)
2938 1154 3021 1162 —
3072 1113 3211 1178 fus-

685 1366 728 1435 ¹)
765 1366 887 1419 Ein
923 1365 1282 1436 Hilseqesuch
1330 1364 1427 1421 der
1475 1368 1540 1420 iu
1585 1366 1754 1420 Wien'
1792 1366 2197 1421 versoemmelten
2249 1363 2619 1433 Deputierten
2668 1362 2872 1430 (electi)
2921 1356 3021 1417 der
3068 1360 3219 1429 fiius

538 1454 1208 1511 wiederdstevreichischm
1235 1456 1543 1509 Provinsea
1580 1472 1657 1508 aa
1693 1455 1802 1509 dea
1831 1454 2023 1523 Papst,
2063 1454 2115 1507 d.
2146 1454 2199 1507 d.
2242 1454 2402 1507 Wicn
2429 1452 2857 1519 Purificatiouis
2883 1455 3043 1517 1537,
3081 1452 3211 1520 licat

538 1560 642 1597 vor
676 1544 754 1597 im
790 1542 923 1599 Cod.
964 1543 1089 1598 Vat.
1127 1544 1268 1598 3915
1305 1544 1400 1598 fol.
1439 1544 1658 1615 294sq.,
1699 1543 1828 1613 Gap.
1867 1556 2041 1599 coner.
3229 1555 3294 1607 10

684 1630 731 1695 ⁹)
771 1632 893 1687 Das
930 1632 1297 1697 Schriftstfick
1342 1632 1518 1700 findet
1565 1632 1682 1686 sich
1725 1634 1791 1687 in
1828 1632 1959 1686 eod.
2000 1631 2127 1686 Vat.
2165 1632 2306 1686 3915
2357 1629 2449 1685 fol.
2487 1631 2611 1684 286.
2649 1629 2754 1683 287
2805 1628 2871 1682 in
2906 1628 3208 1694 Absclm'sl.

542 1720 626 1773 Es
664 1720 870 1774 laniet.-
925 1718 1242 1774 Memoriale
1277 1737 1379 1790 pro
1416 1719 1537 1775 ΒΜ
1575 1720 1794 1775 domino
1828 1718 2048 1773 domino
2083 1718 2299 1774 Joanne
2334 1716 2563 1779 Mol-ono
2607 1719 2870 1788 episcopo
2906 1716 3208 1772 Mutinensi

542 1808 744 1863 nuncio
764 1806 933 1863 Sanmi
953 1807 1176 1862 Domini
1199 1807 1386 1863 Nostri
1416 1825 1593 1879 papae
1620 1809 1688 1863 de
1716 1807 1824 1861 hiis
1853 1822 1996 1879 quae
2015 1806 2135 1860 Rm·
2157 1806 2271 1861 Sua
2288 1805 2607 1861 Dominatio
2634 1807 2854 1861 nomine
2874 1805 3036 1862 Serui
3063 1806 3210 1877 regis

543 1896 687 1951 Suae
724 1896 1019 1951 Sanctitati
1069 1897 1346 1951 insinuare
1394 1914 1460 1951 ac
1509 1898 1747 1967 desuper
1797 1897 2001 1951 intuitu
2037 1895 2458 1967 urgentissimae
2508 1895 2857 1951 necessitatis
2909 1895 3210 1969 benig-num

544 1985 838 2056 impetrare
873 2003 1155 2040 assensum
1192 1985 1374 2040 debet.
2685 2026 2693 2033 .
3040 1974 3047 1981 ’
3232 1996 3295 2050 15

687 2074 896 2145 Nempe
933 2092 1059 2129 cum
1098 2073 1242 2129 Suae
1278 2074 1575 2130 Sanctitati
1611 2074 1808 2144 procul
1843 2073 2013 2129 dubio
2050 2072 2191 2129 bene
2227 2080 2442 2129 constet
2487 2073 2945 2129 immanissimum
2991 2090 3059 2128 ac
3096 2080 3209 2127 tm·

545 2163 980 2218 cluentissimum
1041 2163 1328 2217 christiani
1389 2162 1622 2218 nominis
1671 2163 1887 2219 hostem
1936 2162 2244 2219 Turcarum
2292 2170 2587 2235 tyrannum
2638 2163 2756 2232 jam
2814 2163 2997 2217 denuo
3045 2168 3210 2232 rupto

545 2251 762 2306 foedere
800 2270 927 2306 01110
965 2250 1079 2306 Sua
1116 2251 1295 2323 Regia
1331 2251 1623 2322 Majestate
1659 2258 1789 2306 ante
1826 2268 2033 2322 paucos
2070 2268 2243 2307 annos
2292 2251 2429 2307 inito
2465 2251 2752 2306 innumero
2788 2267 2929 2322 pene
2966 2251 3211 2305 exercitu

545 2340 866 2411 ingentique
903 2347 1297 2395 tormentorum
1334 2339 1658 2395 bellicorum
1695 2348 1969 2411 apparatu
2004 2340 2075 2395 ad
2105 2339 2249 2395 Suae
2277 2338 2589 2410 majestatis
2625 2356 2861 2410 regnum
2888 2338 3209 2410 Hungariae

547 2436 904 2499 caeterasque
940 2430 1250 2499 provincias
1299 2430 1652 2500 occupandas
1698 2429 1987 2497 festinare,
2035 2437 2099 2483 ut
2145 2429 2253 2484 illis
2297 2429 2355 2482 in
2405 2446 2561 2483 suam
2596 2436 2930 2499 potestatem
2968 2428 3209 2485 redactis
3226 2438 3297 2493 m

544 2517 785 2587 reliquas
823 2517 1154 2573 christianae
1190 2518 1527 2589 reipublicae
1555 2526 1741 2589 partes
1770 2518 1989 2573 facilius
2021 2518 2275 2589 subigere
2312 2535 2380 2573 00
2408 2518 2813 2573 sanctissimam
2851 2517 3211 2572 christianam

545 2605 881 2677 religionem,
918 2606 1022 2661 sibi
1061 2614 1347 2678 tantopere
1381 2608 1631 2676 invisam,
1667 2606 1920 2662 funditus
1958 2607 2231 2678 extirpare
2282 2624 2352 2663 sc
2404 2607 2587 2662 delere
2642 2613 2865 2678 posset;
2920 2622 3027 2662 000
3063 2606 3212 2662 aliud

547 2712 693 2749 nunc
730 2703 900 2750 restet
954 2713 1119 2766 quam
1178 2697 1326 2768 quod
1374 2704 1493 2752 tota
1540 2695 1858 2767 respublica
1894 2696 2199 2751 christiana
2247 2696 2449 2751 auxilio
2497 2697 2890 2766 omnipotentis
2936 2695 3047 2756 Dei
3080 2696 3210 2754 huie

548 2784 826 2854 ingruenti
854 2785 999 2838 malo
1026 2792 1083 2839 et
1110 2793 1386 2841 extremae
1413 2786 1673 2856 perniciei
1703 2785 1922 2839 fortiter
1949 2786 2189 2854 resistat,
2228 2784 2282 2839 in
2312 2802 2423 2856 quo
2452 2786 2673 2856 quidem
2700 2785 2990 2856 praedicta
3015 2783 3211 2840 Boma-

549 2889 742 2926 norum
764 2872 940 2944 Regia
959 2872 1222 2944 Majestas
1249 2874 1367 2928 dies
1389 2881 1690 2946 noctesque
1721 2891 1868 2929 nunc
1895 2874 2145 2944 diligenti
2165 2879 2333 2944 atque
2361 2873 2767 2945 indefatigabili
2785 2873 2975 2928 labore
2994 2891 3061 2928 ac
3082 2881 3292 2935 curs25

495 2978 500 2981 ·
548 2961 787 3016 sollicita
822 2962 1069 3032 nihilque
1107 2979 1289 3017 rerum
1324 2963 1566 3017 omnium
1605 2978 1747 3034 quae
1785 2963 1842 3016 in
1879 2979 1982 3017 sua
2016 2972 2149 3017 sunt
2182 2969 2459 3032 potestate
2507 2963 2577 3016 ad
2613 2970 2729 3017 tam
2768 2969 3025 3017 sanctum
3061 2963 3211 3031 pium

549 3058 608 3104 et
643 3052 1011 3105 necessarium
1048 3068 1190 3122 opus
1232 3052 1536 3122 juvandum
1574 3069 1641 3106 ac
1679 3051 2105 3122 promovendum
2143 3052 2599 3122 praetermissum
2646 3058 2735 3105 est
2780 3058 2838 3106 et
2886 3068 2998 3105 non
3054 3052 3213 3106 modo

549 3146 746 3209 parata
798 3156 985 3194 omnes
1040 3156 1169 3195 suas
1222 3139 1520 3195 facultates
1575 3142 1630 3195 in
1689 3141 1795 3195 hoc
1850 3139 2153 3208 effundere,
2208 3155 2396 3194 verum
2450 3141 2618 3195 etiam
2664 3139 2949 3212 proprium
3014 3155 3215 3211 corpus

550 3228 869 3298 posthabito
905 3206 1102 3300 quovis
1137 3229 1452 3284 discrimine
1489 3230 1615 3284 telis
1643 3230 1882 3284 hostium
1913 3228 2118 3284 Christi
2158 3228 2428 3299 objicere:
2466 3228 2825 3300 quamobrem
2852 3229 3213 3284 consideratis

551 3317 660 3370 illis
697 3316 952 3371 omnibus
988 3316 1101 3372 Sua
1137 3316 1418 3373 Sanctitas
1456 3327 1719 3389 tanquam
1757 3320 1881 3389 pius
1917 3335 2118 3388 parens
2155 3325 2212 3372 et
2247 3325 2406 3388 pater
2441 3318 2655 3388 patriae
2700 3318 2770 3372 ad
2812 3317 3289 3379 defendendumao

551 3422 772 3478 gregem
811 3406 1173 3461 christianum
1211 3404 1338 3461 fidei
1378 3416 1435 3461 et
1472 3408 1756 3462 custodiae
1795 3406 1939 3462 Suae
1976 3407 2301 3462 Sanctitatis
2339 3407 2690 3461 commissum
2728 3415 2787 3461 et
2838 3407 3213 3462 concreditum

554 3495 866 3565 hujusmodi
905 3495 1062 3549 malis
1108 3503 1504 3564 praesentanea
1555 3495 1818 3549 adhibere
1865 3496 2103 3549 remedia
2148 3496 2407 3566 dignetur
2451 3510 2630 3567 neque
2678 3496 2795 3566 pati
2848 3496 3081 3549 eundem
3120 3497 3212 3549 im·

553 3584 992 3638 manissimorum
1041 3584 1292 3654 luporum
1345 3583 1576 3639 rictibus
1623 3584 1904 3638 delaniari.
1986 3601 2226 3655 cumque
2270 3584 2464 3656 ingens
2513 3584 2757 3654 postulet
2799 3585 3104 3639 necessitas
3156 3592 3216 3638 ut

553 3673 792 3727 universi
830 3679 945 3727 tam
982 3674 1344 3728 ecclesiastici
1382 3690 1550 3743 quam
1586 3672 1862 3727 seculares
1899 3674 2029 3728 huic
2074 3674 2352 3727 communi
2401 3673 2645 3743 periculo
2681 3681 2739 3727 et
2770 3674 3081 3730 calamitati
3118 3691 3215 3744 pm

553 3760 697 3814 virili
736 3759 1065 3815 subveniant
1101 3761 1352 3833 Suaeque
1391 3761 1699 3831 Majestatis
1735 3762 2038 3832 provintiae
2077 3778 2134 3817 se
2172 3769 2229 3816 et
2265 3778 2368 3815 sua
2402 3762 2672 3816 hactenus
2709 3762 3103 3831 impenderint,
3140 3764 3287 3820 its35

556 3857 620 3903 ut
673 3849 883 3920 absque
943 3849 1086 3904 Suae
1141 3849 1467 3905 sanctitatis
1521 3859 1787 3920 tanquam
1844 3852 2043 3921 capitis
2096 3851 2438 3921 aliorumque
2491 3849 2826 3905 christianae
2879 3850 3214 3920 reipublicae

555 3939 868 4009 principum
915 3938 1161 3993 subsidio
1211 3946 1428 3993 tantum
1478 3955 1615 3993 onus
1664 3940 1935 3994 sustinere
1986 3940 2217 3994 ulterius
2264 3940 2413 3994 solae
2461 3956 2569 3993 non
2622 3939 2871 4008 valeant,
2926 3947 3216 4010 propterea

558 4026 725 4082 Suam
781 4026 1142 4081 Sanctitatem
1198 4025 1311 4080 Sua
1364 4019 1542 4098 Regia
1597 4027 1863 4097 Majestas
1918 4046 2018 4082 suo
2072 4036 2129 4082 et
2183 4046 2405 4083 suarum
2461 4028 2871 4099 provinciarum
2924 4045 2994 4083 ac
3046 4028 3213 4082 totius

558 4115 891 4170 christianae
939 4113 1275 4184 reipublicae
1315 4115 1407 4184 (de
1456 4118 1615 4186 cujus
1663 4117 1841 4170 salute
1894 4134 2039 4170 nnnc
2090 4118 2319 4171 maxime
2356 4116 2566 4188 agitur)
2620 4117 2838 4172 nomine
2874 4131 3213 4188 summopere

557 4205 862 4275 requireret
897 4220 1007 4274 quo
1046 4204 1159 4258 Sua
1189 4203 1468 4258 Sanctitas
1506 4205 1679 4258 eidem
1719 4205 1774 4257 in
1806 4204 2163 4273 subsequenti
2203 4221 2303 4262 sua
2328 4206 2591 4274 petitione
2626 4205 2943 4275 benigniter
2976 4207 3283 4262 0001101040

557 4303 614 4349 et
651 4295 946 4347 clementer
994 4293 1291 4348 concedere
1338 4295 1495 4358 velit,
1547 4293 1694 4363 quod
1734 4292 1848 4347 Sua
1884 4292 2060 4363 Regia
2098 4292 2360 4362 Majestas
2408 4294 2478 4347 ad
2525 4304 2809 4365 presentes
2858 4296 3210 4352 necessitates

559 4384 612 4437 in
664 4384 778 4435 suis
833 4383 1016 4452 rognis
1063 4400 1129 4437 ac
1177 4383 1472 4452 provinciis
1521 4388 1753 4435 annatas
1805 4383 1859 4436 in
1907 4382 2303 4451 presentiarum
2352 4383 2435 4435 vel
2486 4383 2542 4436 in
2579 4392 2857 4452 posterum
2915 4385 3035 4440 sedi
3088 4391 3209 4456 apo²

558 4473 784 4526 stolicac
834 4472 1048 4524 debitas
1098 4480 1152 4524 ct
1202 4471 1580 4539 obvenientes,
1629 4476 1747 4523 tum
1796 4472 1961 4524 etiam
2011 4470 2292 4524 absentias
2339 4472 2626 4541 pensiones
2674 4489 2742 4527 ac
2791 4474 3094 4532 refusiones
3145 4474 3206 4528 de

558 4560 812 4614 omnibus
851 4561 1171 4614 sacerdotiis
1209 4568 1265 4614 et
1303 4560 1605 4630 parochiis,
1655 4577 1762 4613 non
1800 4566 1984 4614 tamen
2022 4560 2413 4631 incorperatis,
2463 4576 2605 4631 quae
2652 4573 2687 4616 a
2724 4562 2866 4618 ver-h
2900 4563 3204 4632 pastoribus

558 4650 681 4706 aliis
719 4650 856 4703 lucri
896 4666 960 4704 ac
999 4649 1346 4704 emolumenti
1385 4649 1567 4719 gratia
1604 4650 1919 4718 elocuntur,
1967 4649 2231 4726 colligere
2276 4656 2333 4708 et
2376 4649 2449 4706 ad
2498 4649 2676 4706 dietas
2723 4651 3081 4710 ueoenitates
3112 4649 3277 4708 ins-45
