3500 5300
545 334 654 394 382
1470 336 1568 389 Nc.
1608 336 1740 389 127:
1784 335 1922 390 1535
1946 334 2179 387 Februar
2208 335 2291 388 10.

333 536 474 587 1535
547 532 841 618 publicae
912 533 1384 597 imminentibus
1447 530 1855 608 obviandum,
1918 532 2110 594 etiam
2157 527 2309 593 dum
2352 531 2416 591 in
2465 527 2813 592 minoribus
2860 549 3215 611 ageremuS‚

271 605 414 659 ΓΜ·
456 611 528 659 1⁰
548 642 973 704 necessarium
1020 639 1315 704 duximus
1366 649 1431 702 et
1474 647 1798 723 tamquam
1843 637 1970 701 tale
2017 636 2531 712 sollicitavimus,
2591 633 2671 698 ad
2721 634 3020 698 effectum
3067 657 3216 719 per-

546 746 778 810 ducere
839 746 1241 810 decrevimus
1304 757 1365 809 et
1428 747 1797 822 statuimus,
1851 754 1923 808 ut
1969 745 2056 807 ita
2102 742 2247 806 Deo
2293 743 2554 827 auspice
2602 743 2798 806 menti
2845 751 3098 805 nostrae
3145 751 3214 804 et

545 853 894 917 catholicae
954 853 1098 917 fidei
1160 876 1235 916 ac
1305 853 1684 916 christianae
1741 851 2128 936 reipublicae
2190 849 2677 913 necessitatibus
2723 847 3215 924 satisfaciamus,

546 962 877 1042 negocium
935 961 1057 1023 hoc
1114 959 1377 1023 ult-erius
1438 957 1862 1023 differendum
1917 980 2043 1021 non
2104 956 2417 1020 duximuS.
2509 978 2705 1041 quare
2758 957 3067 1019 mittimus
3127 954 3214 1018 ad
3267 963 3302 1014 5

546 1065 784 1130 Carmana
835 1068 897 1130 in
945 1066 1203 1130 Christo
1250 1066 1446 1129 fllium
1494 1075 1779 1129 nostrum
1825 1062 2298 1128 Ferdinandum
2331 1063 2761 1126 Romanorum
2806 1085 3022 1145 regem
3069 1060 3213 1125 illu-

544 1186 737 1237 strem
784 1172 843 1237 d.
892 1173 937 1237 f.
983 1173 1244 1237 Petrum
1292 1172 1559 1236 Paulum
1603 1171 2011 1256 Vergerium,
2057 1172 2486 1256 praesentium
2533 1168 2972 1246 exhibitorem,
3017 1191 3211 1254 quem

544 1280 626 1343 ob
675 1279 741 1344 id
799 1282 1171 1365 praesertim
1217 1278 1299 1343 ad
1345 1280 1467 1343 hoc
1517 1279 1823 1362 elegimus
1871 1280 2020 1364 quia
2066 1288 2320 1363 praeter
2365 1276 2431 1341 id
2478 1275 2650 1363 quod
2694 1274 3001 1359 religione
3047 1278 3214 1339 inte-

541 1389 770 1468 gritate
820 1397 883 1451 et
928 1387 1245 1472 probitate
1292 1388 1675 1471 conspicuus
1725 1394 1841 1464 est,
1889 1386 2081 1449 etiam
2127 1384 2298 1470 apud
2346 1406 2461 1448 vos
2512 1394 2573 1448 et
2620 1383 2777 1447 alios
2824 1381 3213 1447 Germaniae

544 1516 838 1578 proceres
885 1502 1176 1558 versatus
1225 1502 1338 1557 est.
1401 1496 1614 1578 itaque
1661 1492 1741 1555 ab
1790 1515 1866 1556 eo
1915 1491 2423 1576 Circumspectio
2468 1490 2611 1555 Tua
2657 1499 2721 1554 et
2750 1489 3213 1555 Fraternitates
3237 1498 3308 1550 10

544 1611 605 1663 et
638 1599 1021 1664 Nobilitates
1052 1598 1331 1664 Vestrae
1380 1622 1631 1664 omnem
1676 1597 1759 1663 ad
1803 1599 1965 1663 hanc
1997 1599 2250 1662 concilii
2281 1598 2656 1662 universalis
2698 1597 3217 1678 celebrationem,

541 1715 765 1792 utpote
812 1729 944 1770 rem
992 1706 1178 1771 valde
1227 1708 1647 1770 necessariam
1695 1714 1762 1770 et
1807 1714 2213 1791 oportunam,
2268 1706 2461 1769 animi
2507 1706 2705 1768 nostri
2752 1726 3011 1769 sensum
3056 1726 3216 1769 con-

544 1837 797 1878 versum
868 1824 932 1878 et
998 1813 1309 1877 directum
1379 1813 1752 1896 intelligent.
1856 1813 2180 1876 hortamur
2245 1810 2510 1897 perinde
2581 1810 2848 1876 eandem
2919 1810 3214 1876 Circum-

541 1923 935 2006 spectionem
996 1929 1058 1985 et
1104 1919 1161 1983 F
1160 1922 1561 1984 raternitates
1610 1929 1676 1984 et
1719 1919 1785 1983 N
1787 1919 2104 1983 obilitates
2155 1919 2426 1984 Vestras
2473 1917 2831 2004 praedictas
2879 1926 2953 1982 ut
2995 1920 3214 2004 ipsum

540 2030 829 2092 nuntium
888 2028 1159 2110 benigne
1220 2036 1285 2090 et
1339 2049 1483 2090 cum
1527 2025 1652 2091 fide
1701 2029 1997 2112 excipere
2046 2036 2110 2090 et
2155 2025 2374 2090 audire
2420 2048 2662 2111 nosque
2708 2027 2772 2089 in
2821 2025 2945 2089 hoc
2985 2035 3212 2090 sancto
3238 2031 3309 2085 15

541 2157 733 2219 opere
794 2133 1175 2219 coadjuvare
1223 2144 1439 2198 vestra
1495 2156 1692 2220 opera
1738 2143 1803 2198 et
1848 2136 2088 2219 pietate
2149 2132 2394 2212 velitis,
2451 2141 2642 2219 prout
2700 2133 2885 2197 vobis
2945 2132 3212 2217 dignum

545 2250 641 2305 est
689 2250 754 2306 et
799 2264 913 2304 nos
961 2243 1026 2304 in
1074 2241 1257 2306 vobis
1307 2240 1698 2305 confidimus
2029 2225 2034 2230 ⁰

266 2347 328 2401 F
334 2347 412 2401 br·
451 2352 522 2401 10
716 2347 957 2412 Datum
1002 2348 1244 2413 Romae
1294 2357 1412 2413 etc.
1465 2349 1545 2414 10
1592 2348 1897 2413 februarii
1953 2355 2120 2416 1535
2170 2370 2334 2411 anno
2379 2349 2601 2433 primO.

2713 2453 2990 2519 BlosiuS.

272 2631 335 2687 F
340 2634 417 2688 br·
453 2637 523 2688 10
979 2633 1053 2710 d)
1103 2633 1233 2699 Bei
1281 2633 1401 2699 den
1446 2633 1617 2698 secks
1661 2633 1945 2700 Kreisen
1990 2633 2099 2699 des
2145 2633 2480 2699 deutschen
2524 2632 2774 2698 Reichs.
3233 2636 3310 2692 20

692 2758 941 2813 Vermerk
977 2760 1040 2812 in
1074 2758 1246 2826 Rom,
1295 2759 1464 2813 Arch.
1508 2759 1627 2813 Vat.
1667 2759 1821 2813 Arm.
1859 2760 1930 2813 40
1978 2758 2100 2812 Vol.
2140 2760 2209 2813 50
2259 2758 2352 2812 fol.
2391 2760 2534 2813 310·
2579 2763 2746 2811 anter
2793 2776 2875 2811 nr.
2913 2759 3047 2813 327:
3098 2757 3213 2813 Sex

751 2848 973 2902 circulis
1029 2865 1121 2901 sex
1170 2848 1360 2902 brevia
1411 2849 1610 2902 omisso
1659 2848 1863 2903 dilecte
1907 2846 1987 2902 fili
2036 2855 2223 2902 noster
2271 2853 2330 2902 et
2378 2847 2816 2918 circumspectio
2851 2853 2960 2901 etc.
3006 2876 3067 2883 —
3108 2847 3150 2900 I
3151 2848 3208 2900 b.

750 2936 841 2990 fol.
880 2937 1063 2991 308¹=b
1108 2938 1201 2991 ein
1237 2938 1413 2992 Breve
1459 2943 1627 2991 anter
1677 2938 1775 2991 der
1833 2926 2202 3002 Uberschvit‘t:
2247 2936 2483 2992 circulis
2529 2937 2860 2990 Germaniae
2908 2953 2978 2991 ac
3025 2937 3210 3006 primo

750 3026 958 3081 circulo
995 3027 1324 3091 electorum;
1364 3027 1780 3081 durch-strichen
1815 3026 1937 3080 und
1973 3027 2077 3080 mit
2112 3028 2288 3080 ciuem
2322 3024 2432 3091 auf
2465 3025 2569 3081 das
2596 3026 2775 3080 Breve
2811 3042 2892 3078 an
2930 3026 3020 3080 die
3046 3027 3208 3080 Kur-

748 3114 960 3179 farsten
994 3116 1385 3171 verweisenden
1430 3116 1677 3170 Vermerk
1715 3114 1973 3184 beyldtet.
2644 3148 2655 3156 -
3228 3100 3304 3153 ⁴25

269 3309 413 3365 Fbr.
449 3314 523 3364 10
540 3313 613 3395 e)
671 3310 801 3374 B'ei
876 3310 1201 3375 einzelnen
1270 3316 1632 3394 qenannten
1708 3311 2040 3376 deutschen
2113 3311 2410 3377 Fiirsten.
2516 3313 2678 3375 1535
2752 3311 3054 3377 Februar
3118 3314 3207 3373 10

1733 3418 1901 3484 Rom
1930 3423 1997 3499 ¹).

678 3542 801 3596 Aue
819 3542 961 3596 Rom
981 3543 1012 3595 l.
1036 3543 1067 3595 l.
1088 3541 1182 3595 fol.
1211 3544 1315 3597 308
1328 3542 1570 3597 b—3092
1588 3561 1669 3597 nr.
1699 3545 1806 3597 326
1828 3542 1985 3597 Cone.
2010 3571 2076 3581 —
2110 3541 2291 3611 Gopie,
2321 3560 2398 3596 an
2418 3543 2507 3597 die
2526 3543 2770 3611 Herzc’iye
2799 3543 3052 3597 wilhelm
3079 3543 3204 3597 und

746 3630 988 3700 Ludwiy
1018 3647 1123 3685 von
1152 3631 1363 3686 Baiern
1405 3632 1666 3702 yerichtet
1714 3631 1971 3701 Venediq,
2000 3631 2146 3686 Bibl.
2175 3632 2355 3686 Mare.
2392 3632 2487 3686 lat.
2528 3632 2597 3687 cl.
2626 3631 2711 3685 IX
2739 3632 2859 3687 cod.
2892 3634 2963 3687 68
2988 3631 3081 3686 fol.
3110 3633 3198 3686 24„

713 3753 994 3839 Georgio
1043 3754 1191 3819 duci
1240 3755 1572 3821 Saxoniae.
3215 3757 3306 3812 30

710 3861 965 3927 Dilecte
1032 3863 1119 3926 fili
1191 3872 1311 3927 etc.
1401 3862 1819 3928 Intendentes
1889 3863 2246 3928 [miversale
2317 3864 2656 3928 concilium
2723 3864 3046 3930 celebrare
3114 3863 3198 3929 ad

532 3968 842 4033 tollendas
888 3971 952 4032 in
998 3968 1123 4033 fide
1156 3970 1467 4034 catholica
1512 3969 1939 4035 dissensiones
1973 3973 2284 4057 istamque
2331 3971 2614 4035 inclitam
2659 3973 2983 4036 nationem
3028 3982 3197 4035 tran-

533 4074 917 4160 quillandam
964 4085 1029 4140 et
1071 4077 1372 4159 gravibus
1419 4077 1736 4162 periculis,
1783 4101 1945 4162 quae
1980 4077 2378 4142 Christianae
2433 4078 2822 4163 reipublicae
2869 4080 3192 4142 imminere

532 4184 977 4267 conspicimUS‚
1024 4182 1411 4247 obviandum
1457 4186 1766 4248 mittimus
1814 4183 1874 4248 d.
1905 4185 1953 4248 f.
1983 4184 2246 4249 Petrum
2276 4184 2544 4249 Paultun
2576 4183 2965 4269 Vergerium
2997 4186 3189 4249 nostri

531 4288 1000 4374 predecessoris
1048 4291 1192 4354 istic
1240 4299 1427 4354 antea
1472 4292 1779 4370 nuntium,
1827 4291 1908 4354 ob
1955 4290 2021 4355 id
2066 4293 2339 4356 maxime
2388 4314 2426 4355 a
2470 4292 2651 4355 nobis
2701 4292 2976 4357 electum
3022 4289 3188 4378 quod
3209 4303 3307 4359 35

530 4396 805 4479 regionis
864 4397 1046 4459 istius
1109 4404 1173 4459 et
1236 4419 1644 4481 personarum
1707 4400 1769 4461 in
1821 4422 1895 4463 ea
1939 4399 2360 4463 habitantium
2408 4401 2696 4463 notitiam
2745 4409 2811 4463 et
2857 4408 3187 4463 consuctu-

531 4502 745 4566 dinem
791 4502 1001 4567 habet.
1095 4503 1503 4588 quamobrem
1564 4527 1708 4568 cum
1772 4529 1914 4569 eum
1976 4505 2058 4570 ob
2106 4506 2228 4570 hoc
2290 4516 2577 4570 sanctum
2643 4529 2803 4592 opus
2851 4510 3186 4582 mittamus,

677 4714 721 4783 ¹)
764 4716 880 4785 1⁷91.
917 4716 1108 4771 hier-zu
1144 4722 1318 4770 auten
1351 4734 1423 4772 zu
1456 4734 1543 4772 nr.
1577 4721 1698 4772 169.
