3500 5300
1125 361 1224 417 No.
1263 363 1503 418 38—39:
1543 363 1680 418 1537
1717 363 1827 417 Mai
1860 364 2075 419 5.-11,
2840 362 2941 423 159

274 556 446 622 darsi
504 554 909 625 ruffi-edendo
957 565 1022 623 et
1066 558 1186 623 ohe
1232 557 1274 622 ’l
1329 560 1601 625 coneilio
1664 583 1791 624 non
1850 562 1903 625 si
1962 561 2099 624 fara
2161 560 2226 624 di
2286 570 2611 647 presente,
2670 562 2729 625 16
2792 562 2940 647 qual
2998 564 3138 644 1537

273 686 426 729 cosa
471 672 663 750 teugo
709 685 826 751 per
871 672 1046 729 certo
1091 687 1220 729 non
1267 671 1410 730 sara
1454 688 1524 731 se
1570 689 1698 731 non
1742 690 1858 753 per
1904 690 2095 733 cause
2143 669 2616 753 urgentissime,
2660 668 2721 732 16
2768 669 2940 754 quali
2963 633 3089 687 Μαι
3124 637 3158 686 5

274 772 898 857 raggionevolmente
943 779 1212 858 potrano
1283 772 1597 838 sodisfare
1643 795 1683 838 a
1736 796 2013 860 ognunO,
2060 798 2175 861 per
2220 776 2264 839 il
2311 775 2448 840 zelo
2495 773 2658 840 eh'io
2703 773 2788 838 ho
2835 774 2941 840 del

273 878 514 943 honore
560 877 624 943 di
673 877 807 944 Sua
852 877 1103 944 Sentit&
1150 889 1214 943 et
1259 879 1428 944 della
1473 879 1629 945 sede
1674 881 2029 968 apostoliea
2077 891 2143 946 et
2184 881 2418 969 perche
2463 903 2591 945 non
2636 904 2792 968 para
2822 882 2940 946 6116

218 992 255 1047 5
272 1006 344 1051 se
391 987 488 1050 sia
529 983 799 1065 burlatO,
846 985 1314 1052 considerando
1359 987 1423 1052 16
1466 988 1797 1073 malignita
1836 988 1989 1054 delli
2036 988 2336 1054 malevoli
2383 997 2449 1053 et
2493 988 2826 1054 detrattori
2874 989 2939 1053 di

274 1091 487 1177 quella
530 1101 726 1171 corte,
772 1114 930 1158 sono
978 1092 1258 1158 sforzato
1304 1095 1579 1160 scrivere
1612 1094 1730 1160 che
1778 1096 1942 1159 saria
1986 1118 2115 1160 non
2161 1095 2298 1160 solo
2344 1095 2526 1175 bene,
2570 1118 2675 1159 ma
2720 1118 2942 1160 neees-

272 1200 440 1263 sario
485 1198 809 1264 notificare
856 1221 895 1264 a
938 1202 1088 1264 tutti
1120 1200 1317 1285 quelh'
1348 1200 1518 1285 quali
1549 1223 1707 1266 sono
1754 1204 1904 1266 stati
1952 1204 2205 1266 invitati
2245 1212 2311 1267 et
2355 1226 2393 1268 6
2438 1200 2587 1267 tutt’
2629 1202 2675 1266 il
2705 1202 2941 1268 mondo

271 1304 334 1370 le
380 1327 571 1370 cause
617 1306 790 1392 quali
835 1306 1272 1393 impediseono
1318 1306 1450 1373 Sua
1495 1306 1774 1388 Santita,
1819 1331 2011 1374 senza
2054 1308 2290 1374 havere
2336 1308 2668 1395 risguardo
2714 1333 2753 1374 6
2796 1332 2941 1396 per-

273 1434 431 1477 sona
475 1413 719 1478 alcuna.
809 1413 1040 1500 perche
1087 1436 1156 1479 se
1201 1437 1328 1479 non
1387 1416 1440 1479 si
1500 1414 1570 1479 fa
1615 1414 1884 1500 qualche
1942 1416 2390 1500 raggionevole
2439 1427 2504 1481 et
2549 1418 2796 1481 notoria
2840 1438 2940 1480 sa-

179 1526 253 1581 10
272 1519 621 1599 t-isfatione‚
664 1519 728 1585 16
774 1520 928 1586 sede
976 1520 1330 1607 apostoliea
1378 1528 1613 1587 venera
1657 1524 1723 1586 in
1769 1530 1949 1587 tanto
1995 1521 2271 1587 ludibrio
2318 1521 2437 1588 6116
2482 1524 2609 1588 mai
2654 1526 2766 1610 pin
2799 1528 2942 1588 5616

272 1625 540 1692 creduto
587 1627 711 1692 alle
757 1649 871 1691 sue
931 1628 1147 1714 parole
1167 1678 1183 1707 ,
1244 1636 1308 1693 et
1366 1628 1412 1691 il
1457 1627 1778 1695 desiderio
1823 1631 1952 1693 mio
1998 1628 2264 1694 sarebbe
2311 1629 2430 1694 6116
2476 1638 2700 1715 queste
2748 1652 2940 1695 cause

272 1739 410 1799 cosi
470 1732 994 1821 s'imprimessero
1054 1755 1234 1800 come
1294 1740 1329 1798 6
1374 1743 1541 1799 stata
1597 1736 1910 1822 impressa
1967 1736 2029 1800 16
2085 1735 2259 1801 bolla
2305 1734 2412 1801 del
2456 1736 2747 1801 concilio,
2837 1760 2942 1801 ma

271 1862 470 1927 prego
514 1839 604 1906 V.
652 1839 715 1906 8.
775 1864 901 1907 non
959 1840 1174 1927 voglia
1234 1843 1577 1907 estimarmi
1631 1844 1998 1921 temerariO,
2056 1841 2333 1908 volendo
2393 1864 2618 1929 sapere
2664 1844 2774 1929 pin
2822 1842 2940 1909 6116

272 1969 404 2012 non
446 1950 534 2012 mi
582 1950 636 2012 si
683 1951 1031 2027 eonviene,
1087 1948 1320 2035 perche
1377 1952 1440 2016 io
1498 1949 1840 2016 abbruseio
1899 1972 2020 2015 ove
2083 1950 2136 2014 si
2198 1956 2389 2014 tratta
2437 1949 2541 2015 del
2586 1948 2825 2015 honore
2872 1950 2939 2016 di

179 2058 255 2114 15
273 2053 406 2119 Sua
424 2097 430 2103 ·
452 2053 702 2120 Santita
720 2057 734 2119 !

274 2358 393 2427 39.
485 2360 748 2425 Morene
792 2381 883 2425 cm
928 2361 1274 2425 Ricakati:
1327 2360 1734 2444 Mittheiluny
1788 2362 1898 2425 der
1944 2362 2350 2444 Proroyation
2408 2363 2513 2427 des
2566 2361 2809 2427 Com-ils
2852 2383 2941 2425 an
2958 2360 3088 2413 Mai
3126 2363 3189 2413 11

273 2465 363 2531 K.
413 2466 790 2531 Ferdinand
832 2467 963 2549 auf
1005 2467 1236 2532 Grund
1293 2469 1397 2532 des
1441 2466 1695 2549 Briefes
1753 2490 1888 2532 vom
1932 2472 2020 2534 21
2066 2469 2268 2549 April.
2368 2469 2532 2534 Gute
2578 2469 2939 2550 Aufiaeakme

271 2573 472 2637 durch
515 2573 634 2638 den
679 2574 927 2657 Ko’ni9;
986 2574 1422 2658 Widerleyuny
1466 2575 1575 2639 der
1607 2575 1941 2639 Bedenken
1985 2575 2090 2639 des
2135 2575 2414 2641 ktzteren
2438 2597 2625 2660 yeyen
2656 2575 2938 2659 Bokqna

273 2681 418 2745 oder
463 2681 774 2746 Piaeenza
832 2681 928 2747 als
972 2682 1269 2747 Malstatt
1324 2683 1520 2747 durch.
1574 2684 1691 2748 den
1740 2684 2045 2747 Nuntius,
2136 2681 2463 2749 Schreiben
2506 2683 2808 2748 desseffien
2850 2705 2940 2748 an

178 2801 254 2855 20
272 2787 468 2853 Pelen
511 2788 649 2852 und
685 2810 819 2870 qen.
866 2788 1147 2854 deutsche
1191 2790 1464 2854 Fiirsten
1498 2790 1718 2872 behufs
1749 2789 2158 2872 Mittheiluny
2201 2791 2310 2855 der
2357 2791 2801 2872 Proroyatiom
2848 2789 2936 2855 K.

275 2895 648 2960 Ferdinand
689 2894 820 2960 will
862 2900 988 2960 eret
1032 2896 1149 2960 das
1179 2895 1384 2961 Breve
1425 2901 1744 2976 etwarten,
1791 2897 1904 2960 ehe'
1939 2919 2006 2961 er
2049 2918 2139 2961 an
2183 2898 2282 2961 die
2324 2897 2738 2964 katholisehen
2770 2898 2939 2962 Far-

271 3006 408 3066 sten·
451 3002 522 3064 in
568 3001 675 3066 der
719 3000 915 3067 Saehe
958 3002 1238 3066 schreibe.
1330 3003 1527 3068 Dank
1568 3004 1681 3084 fiir
1726 3004 1827 3067 die
1871 3004 2286 3086 Mahmmyen
2330 3005 2401 3068 in
2455 3002 2905 3086 Ckiffersehrisl
2919 3027 2940 3068 .·

272 3126 337 3172 es
381 3108 465 3172 ist
509 3108 721 3190 nothiq
744 3130 931 3191 yeyen
974 3110 1074 3174 die
1119 3109 1311 3173 vielen
1355 3110 1796 3175 Widersaeher
1822 3114 2086 3193 yeriistet
2128 3130 2211 3175 eu
2253 3112 2404 3175 sein.
2496 3110 2940 3194 Erklcz'runqen

273 3216 380 3279 des
410 3214 660 3297 Kesmys
702 3215 851 3280 iiber
894 3217 1030 3280 sein
1074 3216 1435 3281 Verhiz’ltnis
1471 3238 1613 3282 zum
1661 3218 2006 3296 Woivoden.
2086 3217 2582 3282 Nationaleoneil
2606 3239 2791 3300 yeqen
2821 3219 2939 3281 den

177 3334 256 3388 25
290 3321 520 3387 Willen
562 3322 668 3386 cles
713 3321 985 3388 Kaisers
1028 3324 1166 3387 und
1192 3323 1441 3407 Ko'm'qs
1485 3324 1617 3388 halt
1648 3326 1909 3389 Illorene
1949 3324 2062 3406 fiir
2104 3324 2736 3404 unwahrseheinlich;
2780 3325 2941 3388 wird

273 3430 545 3494 daraber
586 3431 705 3493 mit
747 3429 884 3494 dem
929 3429 1302 3511 Et-zbisehof
1333 3453 1447 3496 von
1496 3431 1692 3495 Iamd
1734 3431 2048 3513 spreehen,
2107 3431 2322 3495 ‹lessen
2374 3436 2519 3514 quie
2571 3432 2938 3514 Gesinnuny

272 3556 343 3600 er
388 3535 518 3601 lobt.
607 3538 776 3602 1537
820 3536 969 3601 Mai
1014 3539 1093 3600 11
1136 3536 1329 3620 Pray.

417 3679 540 3734 Aua
573 3678 731 3746 Rom,
772 3678 918 3732 Bam.
963 3679 1083 3733 Vat.
1121 3679 1253 3735 cod.
1282 3680 1410 3735 Vnt.
1445 3679 1587 3735 3915
1623 3680 1716 3735 fol.
1745 3681 2106 3736 2902—29111
2145 3681 2272 3750 Gop.
2302 3698 2476 3736 coaev.
2516 3710 2582 3719 —
2622 3681 2742 3734 Eia
2768 3680 2938 3735 Stack

492 3766 793 3839 (Capitolo)
826 3768 1097 3838 aedruekt
1125 3768 1416 3838 Dollinyer
1442 3770 1703 3838 Beitrdye
1735 3787 1838 3824 zur
1858 3770 2237 3839 polit-lehem.
2275 3789 2333 3824 u.
2367 3769 2734 3840 Culturyeseh.
2765 3769 2875 3824 Bd.
2902 3769 2946 3822 I

177 3867 256 3922 30
488 3857 546 3913 S.
580 3860 647 3911 15
682 3858 811 3925 (aue
847 3857 971 3912 dem
1006 3858 1244 3913 Archive
1279 3876 1388 3914 von
1420 3858 1748 3927 Simancas).

451 3979 714 4047 Havute
759 3981 821 4046 16
865 3982 1091 4047 lettere
1137 3981 1204 4047 di·
1251 3981 1340 4047 V.
1380 3981 1443 4047 S.
1492 3982 1556 4047 di
1606 3993 1682 4049 21
1738 3983 1803 4048 di
1848 3992 2108 4070 passato
2154 4008 2341 4070 sopra
2386 3985 2448 4048 16
2492 3986 2936 4071 prorogatione
2958 3979 3095 4047 Apr.
3130 3982 3201 4033 21

276 4088 382 4154 del
428 4089 700 4154 coneilio
748 4089 1055 4174 signifieai
1115 4099 1352 4175 quanto
1412 4092 1479 4154 in
1537 4114 1678 4155 esse
1738 4113 1808 4154 se
1855 4101 2211 4156 eonteneva
2257 4115 2295 4155 6
2341 4101 2567 4177 questo
2616 4091 2804 4155 861·Νο
2850 4113 2936 4169 re,

274 4195 422 4281 qual
469 4204 834 4260 veramente
881 4195 945 4259 di
994 4196 1165 4261 buon
1224 4219 1370 4262 eore
1428 4220 1607 4263 come
1654 4197 2030 4262 commendo
2088 4198 2286 4262 molto
2345 4198 2463 4262 6116
2510 4197 2639 4262 Sua
2687 4197 2937 4261 Sentit&

273 4302 546 4366 havesse
591 4301 756 4366 satta
801 4312 1027 4388 questa
1072 4305 1533 4390 prorogatione,
1578 4327 1704 4369 non
1750 4304 1888 4368 solo
1934 4326 2050 4390 per
2092 4305 2155 4369 la
2200 4326 2392 4369 eausa
2437 4303 2554 4368 che
2599 4302 2690 4369 V.
2739 4302 2802 4368 S.
2848 4305 2934 4367 mi

178 4410 503 4487 35serive,
548 4408 716 4473 della
762 4408 948 4494 quale
995 4408 1124 4475 Sua
1156 4410 1412 4475 Maesta
1456 4409 1556 4475 n’e
1602 4419 1769 4475 stata
1802 4412 2235 4499 capacissima,
2280 4434 2383 4475 ma
2428 4433 2658 4476 ancora
2702 4410 2935 4496 perche

276 4515 484 4580 havea
540 4517 747 4580 inteso
807 4517 926 4581 6116
986 4517 1032 4581 li
1090 4517 1315 4603 prelati
1376 4518 1441 4583 di
1501 4517 1746 4582 Franza
1806 4528 1872 4582 et
1933 4516 2193 4604 Spagna
2249 4521 2301 4583 si
2362 4541 2807 4604 aggravavano
2868 4517 2932 4581 di

273 4625 512 4700 venire,
558 4628 692 4688 eos}
742 4624 1117 4688 commendo
1163 4624 1281 4688 6116
1329 4623 1460 4690 Sua
1506 4624 1756 4689 Santita
1801 4626 1924 4690 stia
1968 4626 2036 4690 in
2080 4626 2408 4711 proposito
2449 4624 2516 4689 di
2562 4624 2804 4689 volerlo
2850 4624 2934 4689 ad

274 4732 425 4816 ogni
470 4729 660 4794 modo
705 4729 845 4796 fare
893 4752 930 4793 6
975 4730 1236 4798 calendo
1298 4728 1364 4796 di
1424 4730 1768 4797 novembre
1813 4734 2126 4821 prossimo
2172 4740 2237 4797 et
2282 4730 2453 4798 disse
2499 4730 2618 4797 6116
2664 4752 2933 4819 sperava
2950 4742 3088 4798 Nov.
3126 4746 3157 4796 1
