3500 5300
244 1493 296 1558 1.
374 1492 591 1559 Pietro
636 1493 838 1558 Paolo
882 1493 1194 1575 VeryeriO,
1242 1494 1689 1575 apostolischer
1734 1495 2027 1560 Nuntius
2071 1496 2168 1560 bei
2215 1496 2302 1561 K.
2336 1495 2739 1573 Ferdinand,
2786 1515 2877 1559 an
2934 1515 3073 1566 1533

241 1598 455 1666 Jacobo
511 1600 797 1666 Salviati
811 1652 828 1679 ,
904 1600 1439 1667 Geheimsecretc'ir
1494 1601 1569 1665 P.
1634 1600 1936 1667 Clemens-⁹
2015 1602 2190 1667 VII:
2251 1604 2402 1670 iiber
2478 1604 2581 1667 die
2642 1602 2872 1684 Befo'r-
2899 1583 3039 1652 AP'·
3076 1588 3115 1639 2

240 1705 597 1791 demmsart
642 1709 851 1772 seiner
881 1707 1264 1789 Depeschen.
1329 1708 1702 1790 Aufnahme
1748 1710 1947 1773 durch
1978 1709 2066 1774 K.
2100 1708 2486 1775 Ferdinand
2529 1711 2670 1774 und
2703 1709 2878 1774 Ziele

239 1813 337 1878 der
376 1814 617 1881 Politik
676 1813 1004 1880 desselben.
1097 1815 1167 1879 F
1160 1815 1534 1880 erdinand's
1581 1815 2137 1898 Erkundiyunyen
2197 1818 2365 1881 nach
2423 1818 2537 1882 der
2595 1817 2880 1881 Familia

195 1931 223 1983 5
238 1918 509 1986 Salviati.
618 1910 789 1988 Uber
846 1921 967 1986 den
1018 1919 1340 1986 Cardinal
1383 1921 1737 1986 Bernhard
1791 1942 1910 1986 von
1961 1923 2198 1986 Trioni.
2291 1923 2718 2006 Abfertiyuny
2773 1924 2880 1988 des

234 2028 574 2094 turkischen
634 2028 1001 2095 Gesandten
1073 2029 1214 2093 und
1284 2029 1976 2093 Friedensaussichten.
2085 2028 2386 2112 Sendunq
2454 2031 2561 2094 des
2626 2031 2879 2112 Grafen

236 2133 452 2200 Niklas
496 2156 617 2200 von
664 2135 845 2200 Salm
891 2156 982 2199 an
1028 2135 1276 2201 Kaiser
1320 2136 1457 2198 und
1502 2135 1706 2216 Papst
1750 2136 1824 2199 in
1870 2137 1982 2200 der
2026 2136 2388 2201 tilrkischen
2421 2136 2639 2202 Sache.
2733 2138 2873 2202 An-

233 2240 401 2323 lmnft
444 2245 549 2308 des
581 2243 887 2325 Bischofs
929 2263 1050 2308 von
1095 2242 1349 2325 Reyyio.
1447 2242 1843 2325 Geneiqtheit
1889 2245 1996 2307 des
2042 2243 2356 2326 Veryerio,
2405 2244 2568 2309 auch
2615 2265 2704 2308 an
2751 2266 2871 2309 an-

232 2349 407 2415 deren
453 2350 652 2416 Orten
711 2351 889 2415 scine
934 2351 1255 2433 Auflrc‘t‘ye
1310 2351 1385 2414 in
1443 2351 1556 2414 der
1600 2350 2092 2433 Anyeleyenheit
2148 2352 2255 2416 des
2322 2350 2574 2416 Concils
2636 2373 2871 2418 ausen-

163 2456 463 2536 lofflhren.
556 2460 726 2522 1533
771 2457 975 2539 April
1016 2462 1061 2523 2
1122 2457 1311 2523 Wien
1344 2458 1414 2544 ¹).

356 2584 476 2638 Aue
510 2583 669 2652 Rom,
706 2583 872 2637 Arda.
925 2580 1043 2635 Vat.
1085 2581 1428 2636 Nunziatura
1463 2582 1520 2636 di
1556 2580 1857 2636 Germania
1891 2581 2013 2637 vol.
2053 2584 2124 2636 56
2161 2582 2255 2637 fol.
2294 2583 2502 2636 20—21
2548 2582 2696 2653 Θήρ.

390 2708 488 2773 La
532 2708 596 2773 S.
646 2707 724 2772 V.
773 2708 854 2772 ha
899 2707 984 2771 da
1028 2730 1247 2794 sapere
1293 2707 1427 2792 che,
1474 2715 1707 2794 quante
1769 2707 1936 2772 volte
1981 2710 2313 2773 occorrera
2358 2731 2505 2773 cosa
2550 2710 2747 2773 niuna
2794 2710 2873 2774 de

226 2812 401 2879 alcun
456 2822 776 2880 momento
833 2838 947 2901 per
1004 2814 1063 2879 le
1124 2837 1267 2880 cose
1323 2816 1389 2880 di
1449 2815 1579 2880 Sua
1625 2814 1904 2895 Santita,
1963 2816 2024 2879 io
2086 2814 2223 2879 faro
2288 2817 2470 2880 venir
2526 2839 2790 2902 persone
2838 2840 2877 2882 a

226 2932 394 3006 posta
440 2945 561 2988 eon
607 2923 757 3008 ogni
801 2920 1018 2987 debita
1048 2922 1475 3005 solicitudine3
1523 2945 1627 2986 ma
1666 2922 1921 3009 quando
1968 2946 2095 2987 non
2142 2945 2294 2987 sono
2343 2925 2472 2988 cosi
2531 2922 2574 2987 li
2632 2927 2876 3010 negocii

154 3036 209 3089 15
225 3028 612 3115 imponenti,
672 3028 939 3116 bisogna
999 3036 1281 3116 aspettar
1338 3029 1403 3093 di
1464 3030 1659 3095 haver
1718 3052 1831 3116 per
1891 3029 1990 3094 chi
2050 3031 2355 3114 scrivere3
2414 3038 2477 3095 et
2535 3037 2748 3096 tamen
2806 3032 2876 3112 di

223 3138 490 3221 ogniuno
535 3136 651 3202 che
696 3139 880 3201 viene
926 3138 992 3201 in
1037 3136 1117 3220 la,
1164 3159 1292 3201 non
1337 3139 1425 3200 mi
1470 3136 1632 3201 debo
1678 3139 1812 3202 cosi
1853 3137 2052 3202 fidare
2099 3137 2163 3201 di
2210 3137 2328 3202 dar
2371 3136 2428 3201 le
2473 3135 2691 3203 lettere
2732 3140 2873 3205 mie.

224 3254 432 3328 questo
479 3244 621 3310 dico
668 3267 782 3331 per
826 3246 1185 3309 excusarmi
1201 3294 1220 3329 ‚
1282 3267 1346 3309 se
1391 3244 1481 3308 fin
1540 3267 1580 3308 a
1624 3245 1822 3331 quest'
1871 3244 2027 3308 hora
2071 3266 2198 3308 non
2245 3266 2398 3309 sono
2447 3254 2867 3331 sopravenute

223 3352 337 3416 mie
381 3351 598 3417 lettere
645 3360 709 3417 et
751 3374 817 3416 se
863 3350 1006 3417 nell'
1062 3353 1284 3416 avenir
1343 3374 1471 3416 non
1531 3368 2036 3439 sopravenerano
2082 3352 2212 3416 cosi
2273 3352 2420 3437 ogni
2481 3353 2703 3438 giorno
2761 3376 2876 3439 per

222 3464 391 3523 tanta
436 3457 698 3546 longeza
743 3459 823 3523 de
868 3460 1141 3546 viaggiO.

148 3570 208 3624 2⁰
392 3565 620 3646 Quello
667 3566 782 3631 che
828 3564 889 3631 al
933 3575 1223 3653 presente
1269 3566 1356 3630 mi
1402 3565 1637 3631 acoade
1692 3567 1948 3645 scriver,
1994 3565 2030 3629 ὸ
2079 3572 2330 3652 questo:
2375 3564 2438 3630 18
2483 3565 2728 3631 Maesta
2773 3564 2874 3631 del

222 3692 285 3734 re
329 3676 415 3737 mi
465 3673 547 3738 ha
591 3673 870 3739 raccolto
917 3696 1038 3740 oon
1083 3681 1256 3739 tante
1311 3673 1740 3738 amorevoleze
1804 3672 1919 3737 ohe
1963 3673 2183 3737 invero
2248 3695 2374 3737 non
2430 3675 2672 3760 saperei
2718 3674 2872 3757 dire,

221 3788 280 3842 et
322 3780 615 3847 havendo
663 3782 724 3847 io
770 3782 941 3847 detto
988 3805 1029 3846 a
1073 3782 1205 3846 Sua
1233 3780 1434 3866 Regia
1464 3780 1709 3845 Maesta
1753 3779 1919 3844 della
1964 3778 2135 3844 bona
2173 3779 2500 3846 affectione
2547 3780 2612 3844 di
2642 3780 2871 3847 Nostro

220 3883 515 3973 Signore,
573 3895 637 3954 et
681 3911 804 3975 pur
847 3888 995 3974 hogi
1039 3888 1347 3975 parlando
1396 3888 1461 3952 di
1507 3895 1726 3975 questo
1742 3938 1761 3971 ,
1819 3886 1990 3951 m'ha
2035 3886 2207 3951 detto
2254 3886 2297 3950 il
2342 3909 2412 3951 re
2459 3886 2617 3952 eh'io
2665 3889 2873 3953 soriva

221 3993 368 4059 ehe’l
414 3995 500 4061 ha
527 3997 639 4061 dui
669 3995 1069 4082 grandissimi
1115 3994 1425 4078 desiderii,
1471 3994 1639 4059 l’uno
1687 3996 1752 4060 di
1800 3993 2140 4060 concluder
2169 3993 2231 4058 la
2260 4016 2420 4080 pace
2460 4016 2580 4059 oon
2612 3994 2870 4078 Turchi‚

145 4098 415 4168 mma-0
485 4102 549 4168 di
641 4103 920 4169 rimover
986 4110 1201 4191 queste
1268 4124 1563 4190 perverse
1631 4104 1927 4189 opinione
1998 4103 2169 4166 circa
2236 4123 2369 4166 rem
2457 4101 2622 4170 fidei.
2740 4101 2872 4167 Sua

219 4206 461 4275 Maesta
503 4233 618 4274 usa
664 4218 883 4298 questo
929 4210 1117 4275 modo
1163 4210 1228 4274 di
1275 4211 1411 4275 dire
1455 4218 1517 4275 et
1558 4210 1861 4275 dimostra
1890 4209 2087 4274 haver
2129 4231 2291 4295 gran
2322 4209 2708 4274 satisfaction
2754 4208 2869 4274 ohe

222 4338 281 4380 se
311 4316 505 4382 habia
548 4340 588 4381 a
616 4324 845 4382 heitar
890 4317 988 4383 del
1022 4316 1306 4401 coneili0,
1353 4326 1415 4382 et
1460 4317 1599 4382 dice
1647 4318 1764 4382 ohe
1811 4318 1847 4381 ὲ
1878 4318 2227 4382 necessario
2270 4315 2385 4381 ohe
2432 4317 2527 4381 sia
2556 4315 2870 4402 generale,

222 4422 331 4488 che
374 4423 749 4490 alti-amente
794 4426 960 4490 saria
1002 4426 1205 4512 pegiO.
1277 4448 1459 4491 cerea
1518 4424 1580 4489 la
1624 4447 1781 4511 paee
1827 4425 1913 4488 mi
1961 4425 2279 4509 sogionsse
2326 4422 2455 4487 Sua
2499 4422 2744 4487 Maesta
2788 4424 2867 4488 de

216 4529 410 4597 havet
458 4530 626 4597 bona
672 4553 978 4619 speranza
1025 4531 1140 4597 ohe
1184 4531 1249 4598 18
1293 4532 1560 4617 seguira.
1607 4538 1670 4596 et
1714 4532 1918 4618 questi
1964 4529 2258 4595 desiderii
2303 4531 2400 4594 sui
2445 4529 2586 4594 dice
2631 4529 2694 4594 la
2740 4529 2868 4595 Sua

139 4728 202 4783 30
355 4729 401 4795 ¹)
451 4717 592 4785 Uber
626 4728 721 4783 die
758 4758 824 4768 —
860 4729 1015 4783 nicht
1048 4727 1389 4797 vorlieyende
1430 4756 1491 4765 -
1529 4728 1786 4782 Antwort
1821 4727 2108 4782 Salviati’s
2143 4743 2184 4782 8.
2223 4745 2277 4779 u.
2316 4743 2402 4781 νυν.
2444 4729 2526 4778 14.

318 4835 944 4884 unntintnrberiehte,
985 4836 1100 4876 erate
1132 4834 1590 4886 Abtheilung.13d.1.
2408 4817 2441 4869 6
