3500 5300
519 334 619 393 132
1486 333 1583 388 No,
1615 335 1711 388 29:
1756 332 1890 388 1537
1927 331 2072 386 Man
2114 332 2195 387 16.

307 538 368 587 15
372 538 442 587 37
692 532 748 595 11
796 531 1008 595 dottor
1051 531 1392 607 Matthiae,
1437 552 1554 615 per
1597 538 1832 615 quanto
1891 528 2059 594 m'ha
2116 528 2452 594 testificato
2512 527 2559 591 il
2602 526 2733 591 Rm
2779 525 3183 605 Tridenta‘nO,

251 608 388 659 3¹⁹³·
430 612 496 662 ¹⁶
515 639 602 702 s'e
646 646 896 724 portato
944 640 1412 722 egregiamente
1457 645 1694 721 quanto
1740 635 1840 699 dir
1885 639 1938 699 si
1985 657 2179 722 possa
2223 657 2339 720 per
2381 635 2445 699 la
2489 633 2641 699 sede
2700 632 3055 719 apostolica
3112 636 3180 697 in

517 754 741 831 questo
787 753 1105 808 convento
1151 742 1231 807 de
1278 742 1644 821 Lutherani‚
1689 751 1752 805 et
1798 742 1858 806 le
1902 742 2127 806 lettere
2173 764 2287 807 sue
2325 745 2543 806 scritte
2589 763 2629 805 a
2673 748 2897 826 questo
2941 762 3009 804 re
3056 762 3182 804 con

518 853 578 916 le
623 858 841 937 pesate
889 857 953 913 et
999 872 1146 914 vere
1191 853 1462 935 risposte
1509 849 1935 914 chiaramente
1995 849 2057 912 lo
2113 847 2503 913 dimostrano
2533 851 2594 927 ¹).
2686 854 2720 911 e
2778 849 2824 911 il
2884 847 3184 933 predetto

519 958 766 1023 dottore
824 978 1126 1043 appresso
1184 956 1247 1020 la
1294 955 1570 1021 Cesarea
1627 964 1693 1019 et
1751 963 1977 1041 questa
2022 956 2275 1019 Maesta
2292 1003 2308 1033 ,
2367 954 2657 1040 depende
2726 957 2791 1017 in
2860 962 3027 1018 tutto
3099 952 3187 1018 da
3238 964 3275 1018 5

520 1065 813 1131 catholici
861 1073 928 1128 et
971 1062 1140 1127 fideli
1186 1064 1482 1148 appoggi,
1527 1084 1707 1125 come
1752 1084 1867 1147 per
1912 1060 2168 1126 diverse
2214 1064 2318 1127 vie
2364 1062 2447 1125 ho
2493 1064 2698 1126 inteso
2744 1068 2810 1125 et
2853 1064 3186 1133 massima-

521 1244 695 1297 indies
734 1239 1119 1312 significantur
1156 1241 1446 1311 ipsumque
1474 1237 1643 1294 officii
1682 1240 1769 1293 sui
1808 1237 1994 1293 debito
2031 1237 2267 1294 deficere
2294 1239 2515 1293 minime
2552 1238 2711 1294 duc0.
2766 1237 2924 1294 adest
2960 1238 3186 1309 insuper

522 1332 656 1385 Rev.
695 1332 948 1385 dominus
986 1329 1344 1396 Mutinensis,
1390 1329 1481 1383 cui
1518 1328 1702 1382 omnia
1738 1328 2215 1383 communicantur
2250 1344 2392 1398 quae
2430 1326 2739 1382 Sanctitate
2774 1327 2981 1381 Vestra
3015 1327 3187 1398 digna

522 1438 642 1475 esse
678 1420 946 1473 existimo.
1020 1435 1086 1471 ex
1123 1419 1210 1472 his
1247 1419 1419 1489 igitur
1457 1434 1543 1471 me
1579 1417 1850 1472 hactenus
1887 1418 2161 1481 continui:
2202 1418 2320 1471 sola
2354 1417 2633 1488 religionis
2670 1416 2979 1471 catholicae
3016 1433 3188 1472 causa

525 1526 610 1563 me
640 1526 786 1563 nunc
814 1508 885 1561 ad
913 1508 1018 1562 hoc
1047 1508 1283 1577 impulit,
1312 1523 1456 1577 quae
1480 1523 1588 1561 non
1616 1505 1968 1561 obstantibus
1989 1504 2313 1561 sanctitatis
2334 1505 2565 1560 Vestrae
2591 1506 2837 1575 paternis
2866 1506 3186 1575 provisioni-

525 1598 629 1652 bus
659 1597 831 1652 indies
857 1597 914 1650 iu
944 1595 1235 1650 Germania
1271 1596 1325 1649 in
1365 1595 1606 1649 deterius
1644 1596 1771 1649 ruit.
1806 1595 1884 1648 .id
1920 1594 2085 1649 facile
2120 1594 2348 1649 denotat
2376 1593 2831 1666 Augustanorum
2866 1594 3088 1649 facinus
3122 1610 3189 1649 ex
3212 1598 3280 1650 10

523 1686 792 1758 praedicti
828 1685 1030 1739 domini
1071 1684 1427 1751 Mutinensis,
1480 1684 1562 1738 uti
1599 1684 1732 1737 mihi
1770 1684 2104 1754 persuade0,
2154 1684 2329 1738 literis
2374 1683 2669 1739 Sanctitati
2706 1683 2942 1738 Vestrae
2979 1689 3190 1751 notum,

525 1776 670 1847 quod
710 1773 981 1845 praesenti
1032 1781 1276 1844 tempore
1325 1774 1380 1827 in
1430 1774 1551 1843 ipso
1586 1773 1765 1828 sancti
1817 1772 2037 1828 concilii
2082 1772 2356 1827 vestibulo
2392 1773 2529 1827 adeo
2576 1772 2745 1827 refert
2782 1780 2844 1827 ut
2889 1771 3191 1843 quicquam

526 1864 833 1919 secretioris
881 1863 1200 1917 nutrimenti
1237 1879 1435 1933 sugere
1471 1868 1685 1917 certum
1721 1862 1810 1917 sit.
1886 1863 1933 1916 si
1969 1878 2082 1932 qua
2118 1868 2265 1917 esset
2302 1870 2547 1932 potestas
2584 1862 2738 1932 regia
2785 1861 2842 1915 in
2880 1860 3033 1929 illos,
3079 1877 3191 1915 non

527 1954 796 2008 hactenus
824 1951 897 2006 ob
916 1950 1209 2006 malefacta
1227 1967 1328 2005 sua
1345 1951 1569 2021 gloriati
1586 1950 1838 2005 fuissent.
1877 1967 2047 2021 quare
2075 1967 2144 2005 ne
2172 1951 2307 2021 quid
2327 1951 2491 2021 priori
2522 1953 2678 2021 pejus
2698 1950 2904 2004 malum
2924 1958 3191 2021 emergat,

528 2042 806 2097 Sanctitas
843 2040 1041 2095 Vestra
1084 2047 1297 2094 mature
1345 2039 1691 2093 considerare
1737 2047 1927 2109 posset
1971 2056 2241 2110 quaenam
2293 2039 2538 2093 salubria
2587 2039 2829 2093 remedia
2866 2039 3039 2094 ulceri
3068 2041 3187 2110 jam
3212 2043 3284 2097 15

529 2129 769 2185 marcido
786 2129 967 2183 denuo
984 2128 1230 2183 adhiberi
1258 2128 1512 2193 debeant,
1546 2128 1638 2183 cui
1665 2127 1831 2183 facile
1851 2129 2052 2183 mederi
2081 2135 2287 2198 posset,
2317 2129 2361 2182 si
2392 2128 2535 2183 idem
2562 2129 2711 2199 quod
2738 2145 2887 2183 nunc
2907 2127 3191 2184 Sanctitas

531 2219 747 2284 Vestra,
777 2216 1149 2288 superioribus
1185 2216 1380 2271 diebus
1419 2217 1592 2287 (quod
1628 2224 1813 2271 tamen
1850 2234 1977 2272 cum
2015 2218 2321 2271 reverentia
2344 2218 2555 2272 dictum
2583 2233 2704 2271 esse
2739 2214 2926 2283 velim)
2965 2217 3191 2287 praede-

531 2324 773 2362 cessores
822 2307 906 2360 sui
958 2306 1379 2376 praestitissent.
1453 2323 1600 2360 nunc
1649 2313 1837 2360 autem
1888 2323 1998 2376 quo
2046 2306 2222 2377 magis
2272 2307 2329 2360 in
2379 2306 2485 2361 hac
2541 2306 2665 2360 labe
2714 2306 3007 2360 inveterati
3060 2315 3195 2360 sunt

531 2396 810 2462 haeretici,
847 2411 911 2449 eo
949 2397 1121 2465 major
1150 2395 1499 2465 comparendi
1529 2392 1833 2449 difficultas
1869 2395 1939 2448 ad
1977 2396 2158 2449 locum
2187 2395 2404 2450 concilii
2444 2395 2709 2465 insurget.
2767 2395 2980 2449 utinam
3016 2394 3192 2449 falsus

531 2493 685 2539 vates
723 2484 843 2551 sim,
881 2484 975 2537 sed
1013 2501 1155 2554 quae
1186 2485 1301 2554 jam
1339 2500 1369 2536 e
1406 2483 1631 2553 specula
1666 2483 1969 2553 prospicio,
2006 2500 2072 2537 ex
2109 2481 2279 2538 officii
2318 2483 2424 2537 mei
2462 2483 2652 2538 debito
2692 2484 2924 2538 reticere
2960 2486 3287 2554 nequeam

533 2580 589 2629 et
634 2590 702 2627 ne
750 2590 892 2627 nova
933 2575 1048 2643 jam
1093 2572 1276 2643 palam
1325 2578 1457 2626 nota
1505 2571 1680 2625 solum
1727 2570 1967 2626 scribere
2017 2572 2232 2637 videar,
2284 2573 2329 2626 si
2368 2573 2500 2626 mihi
2536 2589 2598 2626 os
2646 2572 2703 2626 in
2740 2572 2955 2627 caelum
2989 2588 3194 2642 ponere

533 2664 694 2726 licet,
732 2663 841 2717 duo
878 2678 996 2716 esse
1031 2662 1197 2717 unica
1232 2669 1317 2717 tot
1353 2663 1620 2716 malorum
1658 2662 1898 2716 remedia
1933 2678 2332 2717 asseverarem:
2371 2663 2664 2717 concilium
2700 2661 2957 2716 videlicet
2992 2669 3049 2717 et
3084 2679 3195 2732 pax

535 2754 677 2806 inter
704 2752 996 2807 Caesarem
1024 2758 1082 2805 et
1109 2768 1291 2822 regem
1323 2749 1555 2806 Galliae.
1615 2768 1849 2821 quorum
1876 2751 2112 2822 primum
2149 2768 2215 2806 ex
2251 2752 2345 2821 pio
2375 2750 2699 2807 Sanctitatis
2728 2751 2961 2806 Vestrae
2989 2749 3196 2806 affectu

529 2843 644 2912 J‘am
681 2857 814 2911 prae
850 2838 1062 2893 foribus
1099 2847 1215 2907 est3
1264 2840 1498 2893 alterum
1540 2856 1667 2894 vero
1704 2840 1881 2894 eidem
1918 2839 2214 2895 Sanctitati
2252 2839 2485 2894 Vestrae
2521 2857 2628 2893 non
2667 2840 2845 2894 minus
2884 2840 3035 2895 cordi
3073 2856 3196 2894 esse

535 2929 708 2981 vide0.
783 2928 932 2998 quod
969 2928 1015 2981 si
1053 2927 1258 2982 effectu
1299 2945 1405 2981 non
1443 2928 1685 2990 carebit,
1734 2928 1919 2983 omnia
1953 2946 2054 2999 pro
2103 2928 2328 2999 publico
2367 2930 2651 2984 commodo
2697 2936 2909 2983 remota
2944 2928 3197 2999 qualibet
3216 2931 3293 2984 25

536 3015 869 3071 difficultate
919 3014 1297 3071 conficientur.
1373 3033 1474 3071 nec
1512 3017 1812 3088 quicquam
1849 3025 1935 3071 est
1983 3018 2129 3088 quod
2178 3033 2244 3072 eo
2279 3018 2656 3073 vehementius
2692 3018 3056 3072 desiderarem
3093 3034 3197 3072 nec

537 3105 809 3160 immerito
836 3104 1077 3175 quidem,
1111 3122 1282 3176 quum
1319 3122 1382 3159 ex
1419 3114 1546 3160 octo
1582 3106 1809 3177 regibus
1846 3106 2178 3176 christianis,
2217 3114 2281 3161 ut
2315 3097 2393 3161 de‘
2419 3106 2542 3161 aliis
2567 3105 2950 3176 potentatibus
2988 3106 3200 3174 sileam,

537 3201 776 3265 quatuor
813 3210 848 3247 a
883 3209 1010 3247 vero
1047 3195 1267 3248 tramite
1298 3197 1414 3265 jam
1452 3195 1791 3264 diverterint,
1828 3196 2025 3267 reliqui
2061 3212 2216 3264 vero,
2253 3195 2384 3251 licet
2420 3196 2475 3250 in
2512 3211 2570 3250 se
2607 3211 2733 3249 vere
2769 3194 3031 3250 catholici
3068 3195 3201 3262 sint,

537 3285 605 3338 de
633 3300 820 3338 eorum
858 3290 1041 3337 tamen
1070 3283 1306 3338 subditis
1342 3283 1484 3338 idem
1524 3291 1729 3338 temere
1758 3300 1865 3338 non
1901 3282 2250 3339 affirmarem.
2309 3284 2482 3356 igitur
2518 3290 2581 3339 ut
2608 3282 2863 3338 omnibus
2890 3284 2981 3337 his
3007 3301 3198 3339 occur·

538 3380 720 3440 ratur,
771 3372 1102 3442 supradictis
1139 3372 1391 3426 remediis
1440 3373 1574 3427 totis
1612 3372 1821 3427 viribus
1856 3373 2219 3428 insistendum
2259 3381 2374 3442 est,
2422 3374 2478 3427 in
2516 3390 2627 3451 quo
2676 3371 2959 3428 Sanctitas
2997 3373 3293 3429 Vestram

538 3478 652 3516 rem
700 3462 907 3531 pietate
955 3477 1057 3514 sua
1092 3461 1312 3531 dignam
1352 3461 1559 3516 faceret
1596 3479 1662 3516 ac
1692 3461 2030 3532 reipublicae
2068 3469 2288 3516 nostrae
2323 3462 2566 3533 undique
2604 3461 2973 3518 labefactatae
3010 3463 3200 3534 singu·

539 3551 653 3605 lare
689 3551 932 3604 levamen
970 3549 1204 3604 afferret.

684 3639 838 3705 Quae
873 3651 1058 3692 autem
1096 3639 1150 3692 in
1188 3647 1458 3694 conventu
1489 3639 1938 3695 Smalchaldiensi
1974 3656 2010 3694 a
2038 3639 2370 3694 Lutheranis
2406 3640 2819 3706 concludentur,
2857 3640 2992 3695 Rev.
3031 3641 3203 3695 domi·

540 3747 643 3783 nus
681 3729 974 3798 episcopus
1013 3729 1317 3799 Aquensis,
1369 3745 1529 3798 quem
1579 3729 1732 3784 illhic
1779 3745 1900 3783 esse
1949 3729 2145 3798 audio,
2192 3730 2277 3784 uti
2324 3727 2568 3797 confide,
2618 3727 2916 3785 Sanctitati
2966 3728 3205 3784 Vestrae

541 3816 905 3888 significabit,
945 3819 1103 3886 cujus
1140 3817 1374 3887 pedibus
1412 3835 1498 3871 me
1536 3818 1839 3872 humillime
1876 3817 2210 3873 submittens
2245 3818 2593 3872 devotissime
2632 3819 2970 3873 commendo.
3043 3815 3291 3883 Rom,35

545 3907 707 3961 Arch.
765 3906 886 3960 Vat.
952 3905 1174 3960 Lettere
1235 3907 1317 3961 de'
1376 3906 1609 3977 principi
1663 3907 1785 3961 Vol.
1833 3909 1865 3960 9
1922 3906 2014 3962 fol.
2065 3909 2136 3962 80
2189 3905 2336 3976 Oria.
2404 3936 2468 3946 -—
2534 3907 2737 3961 Einem
2784 3907 3081 3962 Sela-siben
3126 3925 3205 3960 aa

543 3993 783 4049 Sanchez
818 4011 941 4047 vom
990 3998 1025 4047 9
1062 3995 1226 4049 Miirz
1236 4035 1253 4062 ,
1304 3995 1424 4048 dem
1474 4013 1531 4049 er
1580 3996 1670 4048 ein
1713 3996 2050 4050 Verzeichnis
2099 3995 2198 4049 der
2246 3995 2623 4050 Anwesenden
2670 3997 2736 4048 in
2781 3994 3205 4051 Schmlkalda·

543 4082 744 4148 sentiet,
772 4080 896 4150 ἦλθε
928 4082 1025 4135 der
1057 4082 1329 4136 Cardinal
1356 4084 1446 4137 elie
1473 4084 1836 4149 Nachschrift
1877 4085 1988 4138 bei.-
2026 4084 2287 4138 Annexae
2314 4090 2532 4138 nostrae
2560 4084 2632 4138 ad
2660 4082 2875 4138 Sanmun
2904 4084 3201 4139 Dominum

547 4170 810 4224 Nostrum
847 4171 922 4225 nil
959 4170 1108 4224 aliud
1148 4180 1486 4227 concernunt
1522 4189 1685 4243 quam
1724 4170 1852 4226 fidei
1892 4173 2182 4245 negocium
2210 4172 2482 4244 quottidie
2518 4174 2575 4226 in
2610 4173 2854 4228 deterius
2891 4190 3074 4243 ruens,
3112 4173 3201 4228 cui

547 4267 610 4314 ut
645 4259 941 4329 aliquando
976 4260 1344 4329 provideatur,
1383 4260 1746 4316 Sanctitatem
1799 4261 1966 4316 Suam
2018 4270 2328 4317 reverenter
2361 4262 2647 4317 hortamur
2680 4270 2746 4317 ut
2781 4269 2841 4318 et
2875 4263 3111 4318 concilio
3146 4257 3285 4317 et40

545 4350 672 4421 paci
710 4350 853 4404 inter
889 4349 1176 4404 Caesarem
1213 4358 1269 4405 et
1298 4350 1522 4405 Gallum
1560 4352 1984 4421 componendae,
2022 4368 2165 4422 quae
2200 4352 2310 4406 duo
2347 4352 2513 4406 unica
2548 4358 2633 4406 tot
2659 4351 2928 4406 malorum
2964 4353 3201 4407 remedia

547 4437 806 4507 existunt,
843 4439 976 4493 totis
1013 4438 1224 4493 viribus
1259 4438 1576 4494 incumbere
1615 4458 1720 4494 non
1759 4440 2101 4512 dedignetur.
2175 4440 2307 4497 eod.
2346 4441 2527 4496 Vatic.
2567 4439 2710 4496 3915
2758 4440 2854 4495 fol
2892 4441 3034 4496 209⁸
3072 4441 3197 4510 Cep

547 4545 660 4594 co.‚·
695 4527 797 4582 das
844 4527 1182 4582 Verzeichnis
1217 4527 1753 4583 ib.f01.210—212.

696 4616 735 4686 ¹)
785 4617 899 4684 Vyl.
939 4617 1077 4670 noch
1113 4615 1289 4670 Helds
1327 4617 1622 4671 Schreiben
1667 4636 1745 4670 an
1792 4618 1898 4672 den
1936 4616 2212 4672 Cardinal
2258 4635 2363 4672 ron
2402 4618 2597 4672 Trient
2632 4635 2747 4674 vom
2789 4623 2823 4673 7
2857 4619 3002 4674 Jum‘
3035 4621 3195 4683 1537,-

547 4707 818 4759 Bucholtz
857 4705 963 4758 Bd.
1004 4709 1039 4758 9
1076 4705 1322 4769 S.139f
3206 4699 3273 4752 45
