3500 5300
1187 356 1284 410 No.
1324 356 1560 411 65-662
1601 356 1738 411 1537
1777 355 2009 410 Oktober
2044 360 2130 411 22.
2887 352 2998 417 22⁹

337 549 620 633 coneilio,
667 572 844 615 come
874 552 1052 637 quasi
1100 572 1253 636 pare
1299 553 1393 616 sia
1436 551 1791 634 verisimile,
1840 552 2068 639 perche
2117 549 2358 618 hormai
2408 555 2603 618 siamo
2650 575 2688 617 a
2737 552 2996 618 calende
3067 558 3211 608 1537

333 656 398 721 di
446 656 789 723 novembre
834 658 915 722 ne
962 658 1266 723 s'intende
1312 659 1539 723 alouno
1584 667 1754 725 moto
1803 667 1971 724 certo
2020 659 2104 724 da
2149 661 2281 726 Sua
2326 660 2575 725 Santita
2618 682 2732 746 per
2776 670 2996 746 questa
3020 624 3136 679 ΟΜ·
3175 630 3254 680 22

333 786 541 829 causa.
634 765 713 828 ne
760 786 875 850 per
920 763 1077 829 hora
1123 764 1284 830 altro
1332 767 1716 831 occorrendo
1764 772 1871 832 etc.

510 871 677 937 Date
722 872 786 936 in
833 871 1084 936 Vienna
1128 895 1166 937 a
1213 872 1279 936 di
1328 883 1410 939 22
1460 873 1706 939 ottobre
1757 883 1944 941 1537.
3018 873 3137 929 Olet.
3175 878 3255 932 22

277 1147 312 1198 5
334 1141 447 1206 66.
539 1140 807 1205 Moram
852 1160 941 1204 an
988 1139 1348 1206 Ricalcati:
1403 1141 1556 1206 iiber
1615 1141 1720 1206 die
1769 1141 2193 1225 Zumuthuny,
2256 1142 2359 1206 die
2417 1142 2550 1206 ihm
2605 1143 2719 1207 der
2773 1141 2992 1207 Dekan
3019 1141 3135 1196 Okt.
3174 1147 3252 1198 22

331 1268 451 1312 von
496 1247 757 1312 Pas-sau
804 1247 1053 1328 Rupert
1096 1269 1217 1313 von
1262 1248 1578 1313 Mosheim
1623 1252 1834 1312 auersi
1878 1250 1950 1312 in
1997 1247 2205 1332 Pray,
2252 1249 2500 1314 sodann
2531 1249 2689 1330 jetzt
2733 1250 2993 1316 wieder-

332 1354 459 1419 holt
504 1355 577 1418 in
636 1353 825 1420 Wien
867 1355 1167 1437 yemacht,
1214 1356 1350 1419 sich
1393 1376 1475 1420 zu
1522 1356 1920 1434 verzoenden,
1981 1356 2112 1425 aaa
2157 1376 2241 1434 er,
2289 1355 2556 1437 Rupert,
2620 1356 2786 1420 nach
2835 1357 2996 1421 Rom

332 1461 591 1544 berufen
636 1461 840 1526 werde
885 1483 994 1527 um
1043 1461 1179 1526 dem
1226 1461 1435 1543 Papst
1500 1463 1872 1546 Vorschlciye
1928 1483 2048 1528 zur
2094 1462 2505 1546 Herstelluny
2567 1463 2680 1526 der
2726 1461 2997 1527 Einheit

332 1569 404 1632 in
450 1569 563 1634 der
623 1569 870 1633 Kirche
926 1590 1008 1634 zu
1070 1570 1512 1633 unterbreiten.
1610 1570 1936 1634 Nackdem
1996 1570 2109 1634 der
2155 1569 2447 1635 Nuntius
2502 1570 2596 1635 bis
2654 1590 2736 1634 zu
2794 1571 2994 1635 einem

242 1676 630 1758 loqewissen
684 1676 903 1740 ‹r'rade
948 1675 1247 1740 Ja'inblick
1303 1676 1376 1740 in
1430 1675 1778 1741 Mosheims
1824 1677 2209 1756 Ansiohten,
2272 1678 2374 1741 die
2433 1677 2565 1740 ihm
2613 1677 2763 1741 aber
2822 1677 2997 1741 nicht

325 1783 617 1865 yefallen,
675 1803 1010 1864 yewcmnen
1055 1783 1193 1862 hat,
1251 1783 1413 1864 yiebt
1476 1805 1545 1847 er
1604 1784 1862 1848 anheim
1920 1784 1991 1848 ob
2045 1805 2201 1848 man
2254 1785 2393 1848 dem
2440 1782 2768 1865 Beyehren
2812 1785 2995 1865 jones

329 1889 495 1954 Statt
550 1890 742 1972 yeben
800 1889 1002 1968 wolle,
1072 1889 1159 1954 da
1206 1891 1320 1955 der
1367 1889 1571 1972 Papst
1630 1891 1971 1955 immerh·in
2017 1892 2309 1956 machaas
2353 1911 2470 1954 mm
2516 1890 2642 1954 ilem
2694 1890 2994 1971 erfahren

328 2003 514 2080 moqe.
608 1998 774 2061 1537
828 1996 1089 2062 Oktober
1133 2000 1225 2063 22
1285 1996 1494 2064 Wien.

469 2140 593 2195 Aua
628 2139 787 2208 Rom,
825 2140 973 2195 Bibl.
1021 2141 1136 2195 Vat.
1175 2138 1306 2195 Ood.
1346 2140 1474 2195 Vat.
1512 2142 1654 2195 3919
1690 2140 1787 2195 fol.
1829 2140 2004 2195 184*
2037 2140 2255 2210 alcida.
2294 2139 2598 2206 Abschrifl.

242 2271 309 2322 15
505 2263 792 2329 Essendo
838 2265 902 2329 in
951 2265 1163 2350 Praga
1207 2287 1366 2329 vene
1412 2287 1453 2329 a
1496 2273 1680 2350 posta
1738 2287 1780 2327 a
1835 2265 2192 2329 ritrovanni
2254 2287 2381 2329 uno
2436 2287 2670 2330 messer
2715 2264 2990 2331 Roberto

327 2395 366 2435 a
411 2370 699 2436 Moshain
744 2371 991 2436 dottore
1049 2379 1113 2436 et
1169 2371 1409 2437 decano
1457 2372 1869 2454 Pataviense‚
1918 2372 1979 2436 in
2029 2372 2623 2437 raeoomandatione
2670 2372 2756 2437 dil
2807 2371 2992 2460 quale

325 2478 512 2543 eredo
571 2477 728 2543 altre
787 2476 955 2543 volte
1015 2480 1303 2543 sorivessi
1361 2501 1401 2543 a
1449 2478 1525 2542 V.
1573 2479 1633 2543 S.
1667 2477 1737 2567 ¹).
1816 2487 2038 2566 questa
2095 2480 2128 2544 e
2187 2501 2458 2566 persona
2517 2478 2666 2566 qual
2725 2478 2791 2543 fa
2848 2502 2989 2566 pro-

326 2587 594 2651 fessione
649 2584 717 2650 di
774 2585 1169 2673 predicatore
1228 2594 1291 2651 et
1351 2584 1431 2650 ba
1474 2586 1640 2651 assai
1704 2584 1867 2651 bone
1924 2584 2104 2651 lettre
2161 2608 2348 2672 grece
2409 2595 2473 2652 et
2516 2584 2723 2652 latine.
2815 2596 2878 2653 et
2922 2588 2988 2652 in

325 2694 536 2780 Praga
603 2715 722 2759 oon
790 2694 1214 2780 grandissima
1281 2693 1581 2758 instantia
1649 2694 1735 2757 mi
1806 2693 2044 2758 rieeroo
2114 2692 2229 2758 ohe
2298 2694 2539 2759 volesse
2606 2696 2880 2760 scrivere
2948 2717 2988 2758 a

231 2799 553 2865 20Nostro
601 2800 868 2887 Signore
914 2800 1029 2865 che
1073 2799 1161 2865 lui
1209 2801 1412 2866 havea
1469 2823 1599 2864 una
1642 2802 1752 2865 via
1812 2798 1874 2864 al
1920 2800 2197 2886 giudicio
2253 2823 2366 2866 suo
2413 2824 2538 2866 non
2586 2800 2715 2867 solo
2763 2823 2985 2889 oppor-

324 2916 496 2991 tuna,
557 2930 664 2972 ma
720 2908 1076 2973 necessaria
1133 2930 1247 2994 per
1289 2906 1352 2972 la
1408 2908 1852 2973 reformatione
1912 2908 1991 2972 de
2035 2906 2100 2972 la
2158 2906 2459 2994 religione
2505 2907 2876 2992 christiana3
2923 2918 2986 2973 et

325 3016 577 3103 quando
623 3015 786 3080 fosse
830 3016 1106 3102 piaoiuto
1152 3038 1192 3079 a
1237 3016 1369 3080 Sua
1413 3014 1662 3081 Santita
1703 3015 1771 3079 di
1818 3014 2160 3080 chiamarlo
2208 3037 2248 3079 a
2292 3015 2526 3097 Roma,
2571 3015 2687 3081 che
2733 3015 2774 3079 il
2823 3023 2983 3081 tutto

326 3120 687 3188 haverebbe
731 3122 1128 3187 manifestato
1174 3130 1237 3187 et
1282 3121 1398 3187 ohe
1442 3121 1505 3185 la
1545 3144 1692 3187 cosa
1736 3144 1847 3187 era
1892 3120 1956 3185 di
2000 3129 2174 3186 tanto
2220 3130 2539 3186 momento
2571 3121 2686 3186 ohe
2717 3122 2985 3187 eeeedea

324 3232 467 3315 ogni
516 3230 895 3316 cogitatione
942 3231 1103 3312 mia3
1150 3230 1302 3315 pero
1349 3229 1465 3294 ohe
1512 3251 1638 3294 non
1686 3227 1919 3294 volessi
1966 3250 2135 3294 esser
2180 3228 2540 3315 negligente
2585 3230 2649 3293 in
2710 3230 2982 3294 avertite

230 3336 454 3404 258ua
499 3337 779 3419 samita,
839 3335 1217 3401 tendendosi
1276 3346 1447 3402 certo
1509 3335 1626 3401 che
1684 3334 1772 3400 tal
1832 3337 1936 3400 via
1998 3344 2060 3400 et
2105 3335 2192 3399 tal
2239 3334 2538 3422 eonsiglio
2582 3332 2670 3422 gli
2717 3335 2982 3402 sarebbe

322 3451 482 3509 stato
528 3466 715 3530 sopra
761 3443 950 3508 modo
995 3465 1160 3510 earo,
1255 3444 1316 3508 io
1361 3441 1445 3527 gli
1507 3443 1661 3507 dissi
1722 3442 1936 3530 doppo
1985 3441 2174 3508 molte
2219 3441 2385 3507 bone
2431 3444 2646 3529 parole
2691 3443 2808 3509 ohe
2854 3466 2978 3509 non

323 3549 680 3615 haverebbe
750 3549 986 3615 havuto
1044 3550 1394 3616 ardimento
1464 3550 1843 3637 persuadere
1903 3574 1942 3614 a
1986 3550 2117 3616 Sua
2184 3550 2433 3616 Santita
2501 3550 2615 3616 che
2683 3550 2742 3617 lo
2812 3551 2978 3616 chia-

321 3680 524 3722 masse
567 3677 607 3722 a
652 3657 874 3741 Roma,
922 3681 987 3723 se
1034 3679 1157 3721 non
1206 3657 1467 3722 havesse
1514 3660 1713 3723 inteso
1760 3656 1824 3722 la
1868 3656 2107 3744 qualita
2135 3656 2294 3721 dila
2340 3680 2507 3740 cosa,
2554 3658 2785 3744 perche
2831 3660 2979 3725 sori-

322 3764 529 3828 vendo
587 3765 717 3829 cosi
776 3764 1285 3851 simplicemente,
1344 3787 1381 3829 o
1427 3764 1542 3829 che
1588 3764 1717 3829 Sua
1763 3764 2013 3830 Santita
2071 3787 2194 3828 non
2264 3763 2584 3829 l’harebbe
2645 3765 2979 3846 chiamat0‚

229 3872 601 3938 30maxime
661 3872 1031 3936 ricereando
1089 3870 1148 3935 le
1207 3893 1415 3958 spese,
1476 3893 1667 3936 overo
1727 3870 1843 3935 che
1903 3869 2344 3935 chiamandolo
2389 3880 2453 3936 et
2499 3893 2621 3936 non
2670 3873 2978 3938 trovando

320 4000 465 4043 cosa
514 3977 577 4042 di
624 3979 935 4044 sustantia
994 3977 1262 4043 sarebbe
1317 3987 1480 4043 stato
1538 3980 1664 4043 mio
1726 3978 2064 4042 dishonore
2124 3985 2186 4041 et
2246 3978 2456 4041 carioo
2505 4000 2623 4041 con
2672 4000 2868 4064 segno
2912 3978 2976 4043 di

319 4085 679 4172 legierezza.
771 4109 890 4151 con
938 4095 1156 4174 questo
1204 4084 1264 4150 lo
1310 4085 1621 4150 rimandai
1669 4093 1732 4149 et
1778 4086 1957 4172 quasi
1996 4082 2205 4149 subito
2251 4085 2607 4171 partissimo
2654 4084 2738 4149 da
2769 4085 2979 4171 Praga

319 4201 382 4257 et
411 4195 606 4258 siamo
640 4195 859 4260 venuti
888 4195 1063 4281 quivi
1109 4216 1150 4257 a
1182 4193 1450 4275 Vienna,
1497 4214 1617 4257 ove
1661 4192 1875 4279 doppo
1924 4190 2135 4257 alcuni
2167 4193 2372 4277 giorni
2408 4193 2608 4257 costui
2655 4191 2716 4256 di
2766 4215 2975 4257 nuovo

320 4302 355 4362 e
402 4307 633 4366 venuto
681 4323 719 4365 a
763 4301 1139 4365 ritrovarmi.
1216 4308 1281 4364 et
1324 4301 1409 4364 mi
1458 4300 1623 4364 disse
1669 4300 1867 4364 havet·
1896 4298 2241 4364 deliberato
2282 4298 2732 4363 manifestarmi
2771 4299 2976 4385 quello
3041 4294 3044 4295 ⁷

229 4420 302 4474 35
320 4429 431 4471 suo
480 4407 779 4497 eonsiglio
827 4415 1110 4488 seeretto,
1159 4406 1454 4472 aeeioehe
1503 4406 1894 4472 conoscendo
1941 4405 2004 4471 la
2050 4408 2442 4493 importanza
2491 4405 2754 4470 facendo
2803 4405 2974 4469 buon

318 4516 671 4585 testimonio
732 4538 771 4579 a
817 4514 948 4581 Sua
993 4515 1241 4580 Santita
1286 4513 1449 4579 fosse
1509 4536 1701 4578 causa
1762 4514 1826 4578 di
1872 4514 2029 4578 farlo
2076 4513 2410 4578 chiamare.
2501 4515 2630 4576 cosi
2687 4535 2800 4599 per
2846 4520 2976 4577 otto

464 4747 1018 4817 &Sabus-nas,
