3500 5300
1224 331 1324 388 No.
1365 333 1494 389 157:
1531 335 1671 389 1535
1708 333 1814 388 Mai
1852 333 1938 389 28.
2808 331 2915 393 401

251 528 506 594 concilii
554 551 749 595 causa
787 531 1270 594 convenerimus
1301 530 1369 616 ¹).
1461 530 1731 617 denique
1778 531 1872 594 sic
1903 529 2227 595 dicebam:
2275 531 2328 594 si
2374 553 2722 618 prosequor
2769 554 2915 597 cau-

244 658 382 700 sam
434 644 497 700 et
542 638 871 700 materiam
916 635 1083 701 hanc
1129 645 1199 700 ut
1247 638 1388 723 cepi
1434 636 1774 719 hactenus,
1837 636 2144 702 habemus
2190 636 2479 702 Caesaris
2526 638 2915 703 voluntatem

245 765 392 807 cum
441 743 742 829 pontifice
790 744 1230 829 conjunctam,
1278 742 1585 809 habemus
1633 745 1823 808 etiam
1870 746 2037 829 regis
2084 744 2549 827 Romanorum,
2611 744 2917 809 habemus

243 849 344 935 (ut
393 849 612 934 video)
660 850 967 915 circulum
998 858 1200 915 totum
1234 851 1637 934 Bavaricum,
1686 850 2064 916 habebimus
2108 853 2329 936 paucis
2383 852 2654 937 demptis
2702 874 2919 916 omnes

193 958 600 1043 5episcopos,
648 957 879 1022 multos
924 959 1275 1044 principes3
1324 979 1471 1021 cum
1516 957 1614 1022 his
1660 958 1855 1044 igitur
1886 959 2160 1044 primum
2210 979 2511 1043 cogemus
2559 958 2917 1041 concilium,

243 1061 432 1127 Deus
475 1064 611 1149 ipse
657 1072 894 1150 postea,
942 1063 1119 1129 Deus
1165 1065 1409 1152 reliqua
1453 1063 1770 1151 perficiet:
1818 1087 1965 1128 nam
2007 1064 2313 1150 paulatim
2360 1064 2682 1130 trahemus
2727 1067 2916 1130 etiam

243 1192 355 1235 eos
404 1172 576 1256 ipsos
622 1173 731 1258 qui
776 1171 938 1236 torte
999 1194 1038 1236 a
1082 1173 1396 1257 principio
1457 1179 1664 1236 essent
1715 1172 2149 1256 reclamaturi,
2217 1174 2543 1257 proposita
2602 1194 2712 1259 spe
2772 1193 2917 1236 con-

246 1276 509 1342 cordiae
556 1276 857 1344 adhibitis
901 1280 1199 1365 practicis
1245 1285 1308 1342 et
1354 1280 1729 1343 auctoritate
1774 1277 2104 1343 bonorum.
2193 1288 2381 1365 atque
2429 1277 2524 1342 his
2572 1278 2918 1343 addebam:

245 1385 298 1447 si
342 1384 669 1469 pontifex,
717 1387 825 1472 qui
872 1407 1075 1471 nuper
1120 1384 1377 1450 ellectus
1423 1394 1547 1469 est,
1593 1385 1873 1450 indicere
1919 1385 2192 1450 voluerit
2250 1386 2588 1449 concilium
2637 1393 2699 1450 et
2743 1408 2919 1471 pror·

164 1504 227 1556 10
245 1513 354 1555 sus
403 1513 531 1556 non
563 1514 789 1556 curare
833 1492 987 1578 quid
1019 1494 1143 1556 sint
1174 1492 1404 1557 dicturi
1439 1498 1550 1556 aut
1578 1493 1812 1556 facturi
1857 1493 2174 1579 principes
2205 1490 2605 1576 Germaniae,
2651 1493 2773 1557 hoc
2802 1494 2918 1556 sci·

244 1598 401 1663 licet
431 1597 663 1663 efficiet
692 1598 863 1685 quod
895 1598 1047 1663 dum
1078 1599 1211 1664 Sua
1239 1599 1559 1664 Sanctitas
1602 1597 1938 1664 conabitur
1968 1597 2288 1664 celebrare
2334 1622 2531 1664 unum
2578 1598 2918 1664 concilium

244 1706 309 1768 in
358 1703 549 1769 Italia
594 1705 965 1770 inconsultis
1008 1706 1105 1769 his
1150 1706 1442 1788 dominis,
1505 1706 1592 1770 hii
1637 1706 1878 1771 domini
1941 1704 2358 1771 celebrabunt
2415 1707 2535 1792 ipsi
2581 1706 2918 1770 concilium

243 1834 469 1876 eornm
534 1813 600 1876 in
658 1811 1021 1878 Germania.
1116 1812 1225 1877 sed
1285 1812 1456 1877 aliud
1516 1812 1726 1878 adhuc
1741 1863 1759 1896 ,
1819 1813 2007 1878 credo
2066 1814 2412 1899 potentius,
2478 1820 2918 1899 argumentum

246 1917 716 2005 adjungebam:
764 1941 896 1984 una
941 1919 1082 1984 talis
1127 1920 1407 2003 indictio,
1453 1941 1617 2007 quae
1660 1920 1839 1985 fieret
1882 1942 1921 1984 a
1951 1919 2246 2006 pontifice
2293 1919 2375 1984 ad
2423 1929 2666 1984 certum
2708 1920 2919 1985 locum

164 2038 227 2091 15
245 2027 385 2090 sine
432 2048 509 2090 eo
555 2025 724 2112 quod
775 2048 922 2091 cum
968 2025 1351 2093 Germaniae
1410 2025 1806 2114 principibus
1864 2028 2138 2113 primum
2185 2033 2515 2110 tractaret,
2575 2049 2919 2113 presuppo-

244 2139 429 2197 neret
476 2155 669 2196 unam
728 2133 1114 2198 voluntatem
1177 2134 1575 2221 imperatoris
1632 2134 1980 2198 ferventem
2041 2142 2105 2198 et
2162 2133 2527 2220 diligentem
2572 2142 2637 2198 et
2682 2141 2917 2198 certam

245 2238 327 2303 de
390 2238 611 2304 danda
668 2242 1043 2305 executione
1101 2239 1370 2305 concilio
1431 2242 1642 2305 statim
1713 2248 1857 2327 post
1925 2239 2443 2324 celebrationem,
2513 2242 2701 2305 etiam
2772 2263 2917 2304 cum

245 2347 443 2410 armis
438 2395 474 2430 „
547 2348 737 2411 etiam
808 2354 1031 2412 contra
1096 2348 1458 2413 universam
1519 2345 1945 2412 Germaniam.
2051 2347 2161 2411 sed
2230 2349 2667 2412 executionem
2731 2345 2919 2412 talem

247 2475 377 2517 non
424 2475 761 2540 possumus
808 2475 1061 2540 sperare
1105 2451 1321 2518 multis
1369 2453 1448 2517 de
1495 2455 1732 2537 causis3
1781 2476 1931 2540 ergo
1978 2453 2282 2519 debemus
2326 2456 2418 2518 ita
2463 2454 2767 2540 dirrigere
2813 2475 2919 2517 ne-

160 2561 494 2646 wgotium
544 2568 615 2624 ut
658 2567 878 2646 postea
928 2561 1220 2626 executio
1280 2562 1491 2625 minus
1549 2559 1824 2624 difficilis
1883 2561 2100 2626 futura
2145 2562 2239 2625 sit.
2332 2560 2452 2625 hoc
2499 2566 2708 2626 autem
2757 2583 2918 2625 asse-

245 2690 540 2755 quemur,
587 2669 639 2731 si
684 2666 1091 2733 habuerimus
1138 2667 1368 2732 multos
1412 2690 1495 2732 ex
1541 2666 1928 2734 Germaniae
1991 2667 2390 2754 principibus
2448 2677 2584 2732 tum
2644 2669 2709 2731 in
2757 2675 2918 2733 trac-

244 2782 405 2857 tatu,
452 2782 591 2839 tum
637 2775 826 2839 etiam
872 2776 938 2839 in
983 2776 1248 2861 ipsomet
1297 2773 1565 2839 concilio
1612 2773 1960 2840 nobiscum.
2392 2858 2396 2863 ,

426 2881 559 2945 ΒΜ
605 2888 668 2945 et
711 2879 861 2945 Ill¹¹¹⁰
908 2880 1187 2965 domine,
1236 2881 1333 2946 his
1388 2888 1577 2967 atque
1635 2880 1775 2944 aliis
1836 2881 2049 2946 multis
2105 2880 2412 2946 contendo
2471 2904 2616 2946 cum
2663 2880 2919 2945 domino

243 2988 319 3052 L.
370 2987 616 3070 Ecki03
673 3010 896 3052 verum
963 2987 1263 3067 hactenus
1321 3010 1448 3052 non
1509 2995 1975 3071 commovetur:
2034 2990 2171 3074 jam
2234 3009 2384 3052 vero
2445 2988 2788 3074 impressit,
2849 2995 2920 3052 ut

157 3095 471 3177 25audi0,
523 3102 719 3159 totam
780 3093 944 3159 hanc
1003 3096 1377 3159 sententiam
1439 3096 1505 3158 in
1551 3116 1739 3158 sensu
1788 3095 2107 3181 principis.
2201 3093 2311 3158 sed
2357 3095 2641 3158 insistam
2691 3093 2918 3176 adhuc,

243 3203 297 3265 si
356 3201 597 3287 possim
671 3200 1051 3286 persuadere
1111 3199 1543 3265 Dominationi
1603 3200 1770 3267 Suae
1829 3199 2006 3264 lum
2067 3209 2138 3264 ut
2191 3201 2492 3287 ¹laudaret
2547 3202 2717 3264 viam
2779 3201 2919 3287 jam

243 3311 575 3394 inceptam
623 3314 687 3370 et
729 3308 849 3393 ipsi
894 3307 1155 3390 faveret,
1203 3329 1351 3370 nam
1399 3307 1681 3393 profecto
1730 3308 2012 3371 securior
2043 3329 2117 3371 ea
2163 3314 2270 3372 est.
2365 3306 2532 3371 volui
2583 3329 2734 3372 vero
2778 3330 2917 3392 per·

243 3414 531 3480 scribere
588 3414 832 3497 omnia,
902 3420 972 3478 ut
1040 3414 1271 3499 possim
1341 3413 1690 3500 intelligere
1762 3436 1912 3478 num
1973 3414 2134 3478 forte
2191 3412 2537 3500 probabilis
2596 3414 2922 3478 videretur

243 3524 464 3608 opinio
536 3519 829 3585 Eckiana
904 3519 1334 3584 Dominationi
1405 3519 1670 3584 Vestrae
1744 3520 1897 3584 R'¹¹¹²0
1970 3528 2032 3584 et
2107 3518 2313 3603 Illm20,
2398 3542 2587 3606 quam
2661 3542 2920 3605 prorsus

156 3642 226 3695 30
243 3650 404 3715 rogo
453 3635 527 3692 ut
570 3629 793 3713 paucis
849 3625 1062 3691 verbis
1120 3628 1199 3691 sit
1258 3634 1555 3691 contenta
1613 3627 1695 3691 ad
1759 3648 1861 3690 me
1919 3624 2193 3691 scribere
2252 3636 2315 3691 et
2372 3634 2620 3691 tantum
2679 3627 2917 3691 dicere:

242 3756 519 3822 sequere
579 3755 694 3820 per
752 3734 922 3797 viam
980 3734 1330 3818 inceptam,
1389 3732 1489 3797 vel
1549 3733 1740 3797 forte:
1810 3732 2000 3797 laudo
2059 3733 2431 3796 sententiam
2489 3731 2671 3797 illius.
2761 3735 2919 3798 haec

241 3845 459 3930 prima
521 3848 615 3905 est
672 3862 863 3905 causa
921 3838 1334 3926 quamobrem
1395 3860 1566 3904 nunc
1625 3838 1832 3904 scribo
1892 3847 2022 3903 tam
2082 3838 2302 3925 longas
2355 3847 2418 3903 et
2476 3838 2919 3904 tumultuarias

241 3948 511 4014 litteras.
566 3985 645 3995 —-

430 4054 576 4140 Ego
634 4052 938 4118 hactenus
992 4051 1153 4117 bene
1210 4051 1310 4116 bis
1369 4052 1586 4139 accepi
1645 4051 1886 4117 litteras
1945 4076 1985 4116 a
2030 4052 2216 4117 Serum
2279 4074 2457 4137 rege,
2535 4052 2646 4116 sed
2707 4051 2919 4139 ajebat

157 4174 225 4229 35
243 4162 539 4228 nondum
587 4162 832 4225 venisse
877 4159 959 4224 ab
1008 4159 1319 4245 Hispania
1364 4158 1653 4224 Caesaris
1704 4159 1845 4223 illas
1890 4157 2128 4224 litteras
2174 4181 2337 4244 quae
2382 4156 2918 4244 expectabantur3

243 4273 494 4335 interea
552 4268 683 4333 Sua
740 4266 1043 4353 Majestas
1101 4264 1366 4351 impellit
1427 4288 1526 4330 me
1595 4264 1961 4330 efficacibus
2018 4263 2233 4330 verbis
2294 4274 2365 4329 ut
2425 4263 2789 4329 incumbam
2850 4266 2917 4328 in

245 4377 420 4442 hanc
478 4375 811 4440 materiam
871 4372 1363 4458 diligentissime.
1470 4370 1809 4437 subsistam
1867 4372 2187 4438 Monachii
2243 4371 2395 4436 dum
2454 4373 2538 4437 ad
2597 4394 2698 4436 me
2755 4370 2917 4435 aliae

400 4607 447 4677 ¹)
491 4607 606 4676 1791.
643 4607 726 4661 ob.
762 4621 883 4659 ππ.
920 4607 1036 4658 153.
1072 4607 1190 4658 164.

360 4710 986 4760 ιιιιιιῑιιηιὴοιιοιιιο,
1016 4710 1134 4750 orate
1163 4709 1446 4781 Abthoiiuug,
1474 4709 1553 4751 sd.
1584 4709 1616 4750 1.
1992 4724 1998 4730 -
2420 4691 2490 4745 26

2989 534 3130 584 1535

2937 604 3064 656 Mai
3097 606 3174 655 28
