3500 5300
1418 339 1517 396 No,
1548 342 1646 396 1*:
1687 341 1840 397 1536.
2853 339 2958 402 877

300 536 459 601 laria
525 537 780 602 resideri
806 587 823 618 ,
904 536 1363 623 prohibendum
1448 539 1527 601 sit-
1607 561 1688 602 ne
1757 539 2110 604 animarum
2194 562 2414 606 curam
2483 539 2748 605 aliorum
2821 542 2958 606 vice
3016 545 3154 594 1536

302 646 661 732 suscipiant.

474 827 582 890 24.
673 823 905 887 Priscis
964 822 1350 909 temporibus
1407 824 1570 888 alius
1628 832 1766 888 erat
1827 847 1976 889 usus
2036 825 2484 890 comendarum
2545 835 2609 889 et
2655 827 2957 891 unionum

299 953 491 1018 quam
551 940 714 995 etate
773 938 1002 995 nostra.
1095 953 1364 1016 magnus
1423 929 1770 1016 Gregorius
1837 931 2241 996 comendavit
2306 943 2369 995 et
2429 934 2492 995 in
2565 932 2958 998 administra·

247 1051 278 1104 5
299 1040 533 1102 tionem
581 1037 755 1102 dedit
794 1037 1309 1106 Panormitanam
1356 1037 1683 1103 ecclesiam
1728 1046 1978 1124 pastore
2025 1038 2408 1121 destitutam,
2457 1061 2782 1125 quousque
2827 1038 2954 1103 illic

296 1146 588 1232 proprius
644 1144 807 1210 foret
863 1144 1192 1209 ordinatus
1248 1147 1608 1231 episcopus:
1668 1168 1718 1209 c.
1768 1144 2011 1210 obitum
2063 1157 2183 1213 111
2236 1144 2380 1210 dist.
2414 1147 2491 1228 ¹);
2539 1155 2601 1211 et
2647 1144 2960 1232 Pelagius,

297 1255 406 1339 qui
466 1275 610 1316 eum
667 1252 998 1338 precessit,
1058 1251 1353 1338 Eucarpo
1411 1252 1800 1317 Messanensi
1859 1254 2158 1338 episcopo
2206 1250 2645 1318 Catinensem:
2691 1276 2742 1318 c.
2791 1252 2960 1319 Cati-

299 1362 507 1425 nensis
552 1382 628 1424 ea
658 1359 798 1424 dist.
828 1361 922 1444 ²);
967 1358 1134 1422 idem
1180 1360 1371 1423 etiam
1418 1358 1767 1445 Gregorius
1812 1358 2126 1425 Fundano
2174 1360 2468 1446 episcopo
2517 1360 2959 1426 Terracinensi

298 1466 700 1536 comendavit
744 1464 1103 1530 ecclesiam:
1155 1489 1204 1529 c.
1251 1465 1471 1531 relatio
1499 1467 1575 1552 ³),
1622 1473 1699 1530 et.
1747 1489 1800 1530 c.
1847 1465 2005 1531 illud
2052 1477 2131 1532 21
2184 1490 2240 1554 q.
2295 1478 2326 1532 1
2359 1469 2433 1552 ⁴).

218 1590 281 1642 10
474 1573 576 1638 De
637 1571 977 1638 unionibus
1044 1595 1195 1637 vero
1255 1571 1525 1637 habetur
1589 1583 1684 1640 16.
1746 1597 1803 1660 q.
1866 1575 1930 1636 in
1989 1597 2040 1638 c.
2102 1582 2165 1638 et
2225 1575 2522 1659 temporis
2589 1573 2857 1660 qualitas
2886 1576 2959 1662 ⁵),

299 1680 409 1745 ubi
454 1681 619 1745 dixit
664 1679 1040 1767 Gregorius:
1100 1687 1163 1744 et
1221 1682 1521 1766 temporis
1578 1678 1853 1768 qualitas
1915 1689 1978 1745 et
2037 1682 2327 1746 vicinitas
2381 1705 2495 1745 nos
2539 1679 2819 1746 locorum
2869 1684 2961 1746 in-

300 1790 459 1853 vitat
502 1796 575 1853 ut
619 1787 972 1854 Cumanam
1021 1796 1209 1874 atque
1256 1787 1642 1851 Musitanam
1691 1789 1871 1852 unire
1916 1786 2259 1852 debeamus
2303 1786 2628 1862 eeclesiam
2683 1799 2747 1853 et
2792 1790 2855 1852 in
2903 1813 2957 1856 c.

299 1897 389 1960 ita
448 1917 563 1959 nos
623 1893 1025 1981 Syllanorum
1090 1903 1170 1960 25
1235 1918 1293 1980 q.
1345 1905 1380 1960 2
1411 1897 1499 1980 ⁶),
1561 1893 1669 1959 ubi
1729 1893 2023 1961 Gelasius
2081 1918 2250 1982 papa
2308 1897 2543 1982 inquit:
2607 1894 2960 1961 hostilitatis

302 2025 550 2090 quoque
580 2002 684 2067 vel
728 2004 1122 2089 paupertatis
1168 2003 1538 2066 necessitate
1570 2001 1956 2088 episcopales
2001 2003 2179 2067 sedes
2223 2010 2665 2089 permutantur
2703 2002 2805 2067 vel
2836 2003 2960 2067 due

215 2125 280 2178 15
301 2111 365 2174 in
412 2132 603 2174 unam
650 2108 1038 2195 rediguntm·.

477 2216 729 2282 Minora
789 2218 979 2281 etiam
1039 2215 1335 2282 benefitia
1392 2215 1509 2281 sub
1571 2216 2050 2283 comendatione
2109 2217 2652 2284 concedebantur:
2729 2241 2782 2281 c.
2853 2220 2960 2305 qui

300 2324 511 2422 plures
572 2336 649 2390 21
712 2347 769 2411 q.
825 2338 853 2389 1
890 2326 976 2408 ⁷),
1047 2324 1215 2411 quod
1277 2325 1396 2390 fuit
1453 2324 1782 2389 decretum
1840 2324 2072 2390 Leonis
2127 2324 2273 2406 IV.,
2345 2324 2456 2389 ubi
2515 2325 2779 2389 dicitur:
2853 2328 2962 2412 qui

300 2431 511 2519 plures
570 2431 866 2497 ecclesias
922 2433 1180 2513 retinet,
1241 2454 1432 2496 unam
1494 2432 1747 2518 quidem
1808 2432 2152 2515 titulatam,
2214 2431 2401 2496 aliam
2467 2454 2617 2497 vero
2682 2429 2801 2496 sub
2860 2455 2956 2498 co-

300 2539 701 2604 mendatione
760 2549 973 2604 tenere
1034 2537 1254 2617 debet3
1316 2547 1379 2603 et
1437 2561 1520 2603 ex
1579 2537 1890 2625 spirituali
1947 2542 2156 2625 gratia
2214 2562 2378 2604 unus
2444 2538 2650 2604 abbas
2713 2537 2962 2604 duobus

212 2663 283 2716 20
301 2649 694 2713 monasteriis
740 2670 987 2734 preesse
1032 2655 1235 2733 potest
1245 2696 1263 2729 ,
1309 2669 1391 2710 ex
1438 2646 1744 2732 Agatensi
1790 2646 2077 2729 concili0‚
2127 2655 2190 2712 et
2236 2644 2505 2711 habetur
2546 2649 2613 2710 in
2662 2669 2713 2712 c.
2761 2670 2959 2712 unum

303 2755 600 2820 abbatem
646 2754 868 2820 eadem
915 2753 1025 2818 Oa.
1072 2762 1134 2818 et
1179 2775 1237 2840 q.
1268 2756 1338 2835 ⁸).

480 2861 906 2928 Cenobiorum
951 2868 1161 2925 autem
1210 2870 1272 2925 et
1316 2858 1780 2946 prelaturarum
1826 2860 2277 2926 comendarum
2323 2862 2500 2946 origo
2546 2871 2608 2926 et
2654 2861 2960 2926 institutio

304 2980 431 3035 tam
464 2992 591 3034 non
622 2977 716 3033 est
745 2967 1087 3032 admodum
1119 2976 1302 3032 vetus
1334 2990 1523 3054 quam
1558 2990 1684 3033 non
1715 2990 1942 3054 parum
1977 2968 2155 3053 justa
2184 2977 2248 3032 et
2278 2967 2688 3051 rationabilis,
2737 2990 2962 3054 nempe

302 3079 404 3143 cui
451 3075 691 3141 malitia
735 3085 798 3140 et
844 3077 1250 3162 pernitiosum
1308 3073 1689 3161 prelatorum
1746 3077 2026 3161 regimen
2072 3076 2366 3161 primitus
2411 3077 2808 3140 occasionem
2855 3075 2960 3140 de-

212 3185 524 3250 25derint.
621 3206 765 3247 cum
813 3184 978 3247 enim
1026 3180 1385 3247 labentibus
1429 3183 1496 3246 in
1541 3180 1780 3246 malum
1826 3182 2256 3268 religiosorum
2318 3181 2598 3247 moribus
2645 3204 2764 3247 nec
2812 3183 2963 3269 ipsis

303 3293 590 3380 primeva
618 3313 835 3356 eorum
867 3291 1152 3355 instituta
1198 3288 1597 3354 servantibus
1628 3289 1794 3354 male
1826 3291 2014 3353 etiam
2064 3298 2385 3375 preessent
2430 3288 2672 3375 prelati,
2720 3290 2960 3354 factum

302 3409 397 3465 est
441 3408 512 3464 ut
555 3422 669 3485 pro
715 3396 996 3462 locorum
1042 3399 1304 3461 istorum
1350 3395 1616 3461 utilitate
1663 3405 1725 3461 et
1777 3398 2130 3460 animarum
2179 3394 2379 3461 salute
2424 3418 2961 3482 personarumque

302 3506 458 3572 inibi
516 3505 770 3571 meliore
831 3506 1189 3591 provisione
1247 3512 1310 3568 et
1367 3505 1769 3590 peccantium
1833 3503 2122 3591 maleque
2180 3503 2629 3591 presidentium
2677 3526 2842 3590 pena
2887 3527 2962 3568 ea

303 3617 442 3702 ipsa
486 3613 629 3679 loca
672 3611 954 3699 providis
985 3617 1049 3677 et
1091 3609 1308 3698 probis
1352 3619 1464 3676 aut
1494 3609 1924 3676 cardinalibus
1965 3618 2075 3674 aut
2120 3612 2429 3696 episcopis
2460 3618 2571 3675 aut
2614 3610 2735 3675 hoc
2763 3633 2964 3696 genus

211 3733 286 3787 30
305 3721 563 3810 prelatis
608 3719 747 3784 aliis
792 3742 986 3784 causa
1032 3727 1096 3783 et
1139 3716 1406 3801 utilitate
1463 3717 1840 3783 subsistente
1897 3716 2014 3782 sub
2078 3718 2472 3783 condictione
2532 3717 2685 3782 data
2729 3718 2965 3782 fuerint

303 3832 371 3895 in
438 3829 845 3910 comendam,
911 3826 977 3892 id
1040 3834 1133 3890 est
1200 3825 1654 3912 depositionem
1722 3834 1788 3890 et
1831 3825 2183 3890 custodiam
2229 3825 2962 3911 administrationemque

454 4116 489 4173 ¹)
529 4133 572 4170 c.
614 4120 679 4170 16
714 4116 787 4170 D.
828 4119 918 4168 111
956 4114 1110 4179 (Cod.
1149 4115 1247 4167 hat
1283 4112 1570 4179 sciLschlich
1604 4113 1732 4167 dist.
1773 4114 1880 4181 61).

449 4206 489 4259 ⁹)
528 4222 570 4259 c,
610 4208 675 4258 17
711 4203 787 4258 D.
825 4207 929 4256 111.

448 4295 571 4349 ³10.
612 4300 646 4345 5
685 4296 742 4348 C.
779 4298 849 4346 :21
888 4314 933 4363 q.
973 4298 1017 4346 1.

209 4384 286 4438 35
448 4384 489 4443 ⁴)
528 4404 571 4439 c,
612 4388 647 4435 6
682 4386 778 4450 tin.
818 4386 873 4437 (J.
913 4388 988 4437 21
1024 4401 1071 4452 q.
1112 4388 1155 4436 1.

449 4474 491 4531 ⁵)
528 4494 571 4528 e.
610 4478 682 4526 48
721 4474 777 4527 (5,
816 4477 882 4526 16
918 4490 964 4541 q.
1005 4477 1050 4526 1.

450 4564 491 4623 Β)
529 4581 573 4617 c.
610 4566 681 4617 25
717 4565 811 4630 fin.
855 4562 909 4616 0.
948 4565 1025 4617 25
1062 4580 1107 4631 q.
1147 4566 1200 4617 2.

450 4651 490 4713 7)
529 4671 572 4707 c.
611 4654 647 4706 3
686 4653 850 4707 (2121
886 4670 933 4720 q.
975 4657 1022 4705 1.

450 4742 490 4794 ⁰)
529 4760 571 4801 c.
612 4746 645 4795 4
685 4746 848 4798 (2121
886 4760 933 4813 q.
976 4746 1018 4795 1.
