3500 5300
1368 381 1467 438 No.
1506 381 1605 438 1²⁸:
1646 372 1800 439 1536.
2810 381 2917 445 373

258 576 391 664 lege
435 577 496 642 fi.
545 576 616 644 O.
663 578 743 643 de
796 577 1028 667 pact.):
1089 580 1177 643 ita
1236 581 1663 645 consentiente
1721 602 1795 645 eo
1854 580 1934 645 de
1993 581 2175 667 cujus
2234 582 2443 668 agitur
2502 584 2913 666 successione,
2972 588 3112 637 1536

260 686 484 749 summi
531 685 846 772 pontificis
889 688 1302 769 auctoritate,
1357 688 1466 773 qui
1512 687 1591 752 de
1637 689 1958 752 vacaturis
2002 688 2335 774 disponere
2381 690 2581 773 valet,
2641 688 2916 754 tollerari

258 814 437 878 posse
482 792 735 857 videtur
780 793 915 858 dari
966 816 1421 870 successorem,
1483 817 1629 859 cum
1674 796 1956 859 maxime
2000 795 2185 860 detur
2231 798 2283 860 is
2329 799 2437 883 qui
2486 796 2674 861 semel
2723 796 2805 861 ad
2852 797 2915 861 id

257 922 486 964 munus
544 900 934 987 approbatus
994 902 1200 966 fuerat
1256 910 1319 966 et
1377 903 1430 966 is
1491 901 1856 988 preficiatur
1915 900 2206 968 benefitio
2266 904 2373 990 qui
2437 902 2592 968 alias
2653 905 2917 969 idoneus

209 1006 458 1072 5suerit.

432 1113 814 1179 Pensionum
863 1137 1015 1180 vero
1062 1118 1406 1181 reservatio
1454 1138 1852 1204 nequaquam
1902 1115 2356 1204 improbanda,
2424 1139 2570 1182 cum
2618 1118 2702 1182 ad
2749 1141 2918 1182 com-

256 1221 580 1307 ponendas
622 1220 762 1287 lites
806 1245 922 1309 pro
970 1222 1137 1287 bono
1184 1225 1360 1310 pacis
1407 1232 1842 1305 reservantur,
1890 1224 2079 1288 modo
2141 1225 2481 1310 superioris
2542 1228 2918 1290 auctoritate

254 1328 390 1393 fiat:
439 1351 493 1393 c.
541 1331 659 1394 nisi
705 1329 785 1396 de
829 1329 1084 1416 preben.
1118 1330 1170 1416 ¹)
1218 1353 1364 1396 cum
1408 1330 1619 1416 glossa
1661 1330 1857 1396 Clem.
1906 1332 2111 1417 prima
2152 1335 2191 1412 ξ
2238 1331 2459 1396 eadem
2506 1332 2585 1397 de
2633 1333 2916 1419 supplen.

255 1436 438 1523 negli.
483 1435 721 1523 prelat,
768 1445 831 1502 et
875 1460 1021 1502 cum
1091 1437 1171 1502 de
1224 1460 1299 1503 eo
1367 1460 1491 1525 quo
1554 1461 1716 1503 unus
1776 1437 2063 1503 abundat
2122 1440 2329 1524 egenti
2383 1438 2788 1522 subvenitur,
2847 1447 2918 1504 ut

171 1552 239 1605 10
255 1551 379 1609 not.
427 1543 612 1610 Doct.
660 1546 723 1608 in
774 1568 825 1610 c.
873 1544 956 1609 ad
1001 1543 1389 1610 audientiam
1436 1546 1508 1610 cl.
1559 1555 1598 1610 2
1656 1544 1736 1610 de
1793 1546 2114 1632 rescriptis
2145 1547 2232 1630 ἱ’);
2291 1547 2358 1610 in
2423 1570 2473 1609 c.
2537 1546 2915 1633 extirpande

253 1651 332 1716 de
360 1650 620 1739 preben.
650 1650 724 1742 ⁸),
770 1657 835 1716 et
877 1654 944 1716 in
992 1674 1044 1716 c.
1079 1659 1501 1738 conquerente
1547 1651 1626 1717 de
1672 1652 1842 1717 cleri.
1875 1675 2001 1716 non
2047 1652 2230 1717 resid.
2261 1656 2331 1738 ⁴).
2379 1662 2492 1717 aut
2537 1655 2778 1718 ratione
2823 1655 2915 1717 in-

253 1758 606 1845 equalitatis
650 1759 969 1825 fructuum
1029 1761 1092 1823 in
1140 1760 1631 1846 permutatione:
1687 1782 1738 1824 c.
1800 1759 1883 1823 ad
1944 1761 2303 1847 questiones
2370 1760 2449 1825 de
2495 1783 2706 1826 rerum
2774 1783 2914 1847 per-

253 1868 596 1932 mutatione
627 1867 695 1952 ⁶).
772 1867 997 1953 quodsi
1045 1868 1154 1954 qui
1198 1888 1313 1953 per
1342 1866 1724 1931 colusionem
1772 1875 1882 1931 aut
1913 1868 2066 1931 alias
2114 1866 2236 1952 legi
2292 1866 2579 1932 fraudem
2634 1869 2914 1950 fecerint,

253 1973 562 2039 benefitiis
608 1982 756 2038 sunt
802 1972 1145 2059 spoliandi,
1208 1981 1281 2037 ut
1340 1996 1488 2039 cum
1515 1975 1570 2061 ⁸)
1628 1996 1818 2060 super
1878 1973 2186 2039 benefitiis
2246 1996 2373 2061 que
2432 1974 2786 2060 possident,
2848 1997 2914 2038 se

166 2087 237 2140 15
254 2082 560 2146 sustinent
605 2079 686 2145 ab
734 2081 872 2145 aliis
917 2081 1237 2146 molestari
1282 2087 1345 2146 et
1388 2088 1608 2168 postea
1654 2089 1724 2146 ut
1782 2083 2091 2167 questioni
2138 2080 2382 2164 cedant,
2434 2083 2611 2168 quasi
2661 2082 2913 2146 nomine

252 2190 690 2253 transactionis
737 2190 1157 2253 constituatur
1213 2190 1468 2275 pensio:
1517 2211 1568 2253 c.
1618 2187 1978 2253 audivimus
2032 2188 2112 2253 de
2172 2188 2330 2253 colu.
2378 2188 2661 2274 detegen.
2690 2191 2781 2275 6);
2851 2196 2915 2253 et

251 2318 396 2360 cum
464 2294 735 2360 obtentis
803 2319 841 2359 a
908 2296 1055 2360 sede
1124 2296 1471 2382 apostolica
1538 2296 1732 2361 literis
1796 2298 1935 2382 quis
1996 2297 2224 2382 recipit
2269 2296 2635 2382 pensiones,
2699 2304 2769 2361 ut
2829 2295 2911 2359 ab

252 2400 506 2466 alterius
550 2402 1000 2488 impedimento
1048 2402 1338 2468 desistat:
1386 2402 1558 2468 dicto
1606 2425 1658 2466 c.
1708 2402 1791 2467 ad
1839 2404 2224 2469 audientiam
2274 2402 2353 2467 de
2400 2404 2730 2489 rescriptis.

429 2508 640 2595 Majus
699 2507 964 2573 dubium
1023 2510 1183 2574 foret
1241 2509 1322 2575 de
1403 2512 1683 2575 omnium
1739 2510 2059 2575 fructuum
2122 2509 2259 2575 loco
2329 2533 2539 2575 annue
2597 2511 2913 2597 pensionis

158 2618 705 2699 20reservatione,
765 2638 893 2704 qua
954 2615 1313 2683 beneficiati
1370 2639 1531 2682 onus
1588 2619 1723 2682 sine
1783 2616 1993 2683 fructu
2050 2617 2261 2683 subire
2319 2626 2633 2703 coguntur
2692 2627 2913 2683 contra

250 2723 406 2789 illud
465 2723 729 2811 apostoli
780 2736 833 2790 1.
882 2724 1161 2789 Corinth.
1214 2734 1294 2791 19
1324 2726 1417 2804 ⁷):
1477 2747 1591 2790 nos
1637 2724 2065 2811 plantavimus
2111 2727 2362 2790 vineam
2421 2733 2487 2790 et
2544 2748 2659 2789 vos
2722 2725 2913 2790 vultis

248 2831 491 2897 fructus
535 2831 702 2896 illius
758 2832 960 2897 edere.
1065 2839 1129 2896 et
1181 2831 1372 2896 illud:
1428 2832 1601 2918 quod
1648 2833 1870 2896 altario
1918 2834 2227 2915 serviunt,
2274 2831 2355 2896 de
2400 2831 2624 2896 altario
2685 2833 2913 2896 vivunt

249 2946 313 3004 et
357 2940 465 3026 qui
511 2940 579 3004 in
626 2940 901 3003 sacrario
949 2946 1307 3026 operantur,
1354 2961 1499 3004 cum
1547 2939 1820 3004 sacrario
1863 2941 2259 3025 participant.
2309 2962 2473 3004 unus
2506 2941 2700 3003 servit
2729 2939 2910 3003 alteri

249 3054 313 3111 et
357 3045 516 3110 alius
578 3068 853 3111 vacuum
916 3046 1091 3110 illum
1153 3046 1411 3110 dimittit
1467 3054 1530 3110 et
1574 3048 1858 3126 inanem3
1919 3069 2082 3111 unus
2138 3054 2232 3110 est
2288 3044 2571 3131 agricola
2630 3054 2693 3110 et
2750 3044 2911 3110 alius

153 3158 230 3211 25
249 3152 387 3217 vult
430 3155 754 3240 percipere
800 3155 1058 3219 fructus.
1164 3162 1226 3218 et
1270 3153 1458 3218 illud:
1523 3155 1663 3240 quis
1709 3176 1991 3240 unquam
2052 3152 2279 3218 militat
2336 3152 2664 3239 stipendiis
2724 3152 2905 3216 suis?

248 3261 390 3348 quis
434 3263 637 3348 pascit
680 3284 937 3347 gregem
992 3268 1056 3326 et
1103 3261 1183 3326 de
1227 3259 1392 3325 lacte
1452 3261 1587 3345 ejus
1645 3284 1772 3325 non
1830 3260 2008 3325 edit?
2098 3283 2213 3324 nos
2271 3260 2611 3324 militamus
2671 3268 2733 3324 et
2793 3282 2906 3323 vos

247 3368 561 3454 stipendia
618 3376 827 3434 nostre
887 3369 1104 3432 militie
1166 3366 1349 3432 vobis
1407 3368 1713 3455 queritis?
1806 3391 1919 3432 nos
1981 3390 2238 3453 gregem
2296 3368 2614 3453 pascimus
2672 3374 2735 3430 et
2798 3388 2909 3431 vos

246 3473 345 3539 lac
391 3477 527 3562 ejus
573 3484 635 3540 et
679 3475 891 3540 lanam
937 3475 1226 3562 accipere
1274 3473 1456 3540 vobis
1502 3473 1723 3539 vultis:
1772 3476 1978 3561 prima
2024 3475 2104 3539 ad
2154 3473 2511 3539 Corinthios
2558 3497 2610 3537 c.
2647 3485 2682 3540 9
2713 3476 2798 3557 ⁸),
2846 3480 2908 3536 et

248 3581 516 3647 habetur
568 3593 663 3649 13.
712 3605 769 3669 q.
825 3594 876 3648 1.
925 3605 977 3646 c.
1024 3581 1324 3647 ecclesias
1370 3586 1410 3662 ξ
1456 3582 1605 3668 quia
1649 3603 1800 3667 ergo
1827 3581 1898 3665 ⁹).
1993 3582 2101 3646 sed
2134 3582 2258 3647 dici
2304 3582 2517 3646 forsan
2546 3581 2743 3666 possit
2787 3578 2906 3644 hoc

148 3689 438 3754 30licere
485 3690 649 3755 illius
696 3692 1069 3755 auctoritate
1100 3691 1210 3777 qui
1257 3688 1563 3753 bonorum
1597 3686 1962 3774 hujusmodi
1993 3697 2087 3753 est
2127 3688 2523 3774 dispensator
2555 3696 2616 3752 et
2647 3685 2903 3769 arbiter,

468 3856 775 3863 —4--v-——0

386 3962 428 4009 ι)
460 3959 559 3999 Rea.
591 3961 612 3998 1
638 3960 733 4000 add.
764 3958 915 4008 aliqui.

391 4066 433 4136 ¹)
473 4066 597 4120 Lib.
638 4067 745 4119 III
777 4068 855 4121 tit.
897 4070 930 4118 5
968 4083 1009 4118 c.
1046 4070 1128 4119 21.

389 4154 434 4222 2)
472 4155 595 4208 Lib.
635 4155 677 4207 I
708 4156 789 4208 tit.
827 4159 863 4206 3
901 4171 941 4208 c.
980 4158 1059 4207 11.

390 4244 433 4313 ²¹)
474 4244 598 4298 Isib.
636 4244 747 4297 III
778 4245 861 4297 tit.
902 4247 936 4295 5
974 4260 1016 4297 c.
1056 4247 1143 4296 30.

137 4329 219 4381 35
388 4335 433 4397 ⁴)
474 4334 597 4387 Ia'b.
638 4334 748 4386 III
780 4334 864 4385 tit.
906 4337 937 4384 4
977 4351 1020 4387 c.
1061 4337 1109 4385 6.

388 4422 433 4493 ⁵)
471 4423 593 4477 Lib.
633 4422 744 4475 ΙΙΙ
776 4423 861 4474 tit.
900 4426 967 4473 19
1003 4439 1045 4474 c.
1085 4426 1135 4475 6.

386 4510 428 4575 ⁰)
465 4511 589 4567 Lib.
636 4512 686 4565 V
718 4512 801 4565 til.
838 4515 912 4564 22
947 4529 989 4565 c.
1029 4516 1077 4563 3.

390 4600 426 4661 τ)
468 4600 639 4655 100r.
680 4605 716 4653 9
751 4618 800 4654 v.
844 4605 892 4653 ¹7.

386 4692 425 4747 ὅ)
462 4690 691 4745 Ibidem.

126 4781 216 4837 40
387 4780 427 4849 ⁰)
467 4798 508 4835 c.
550 4800 644 4835 un.
688 4780 742 4835 C.
784 4783 852 4833 13
889 4797 935 4850 q.
979 4783 1017 4835 1.
