3500 5300
1385 378 1485 438 Nc.
1527 382 1627 438 1²⁸¹:
1667 381 1822 439 1536.
2826 377 2935 442 889

283 577 464 642 dotes
513 578 679 641 enim
725 577 903 641 Deus
949 577 1155 642 voluit
1200 600 1324 663 que
1371 578 1641 643 ecclesie
1688 587 1837 642 sunt
1880 580 2225 664 pertinere,
2271 599 2399 641 non
2446 578 2527 642 ad
2573 578 2772 644 seculi
2818 601 2933 664 po·
2986 582 3125 632 1536

280 692 562 764 testates,
606 706 763 768 quas
809 685 863 747 si
910 681 1128 749 fideles
1174 692 1324 748 sunt
1369 684 1639 749 ecclesie
1686 707 1818 763 sue,
1863 683 2299 750 sacerdotibus
2349 685 2552 750 voluit
2598 708 2737 750 esse
2784 685 2932 750 sub-

278 792 508 877 jectas:
557 813 685 856 non
731 789 854 855 sibi
901 790 1202 855 vendicet
1248 790 1521 856 alienum
1565 793 1664 876 jus
1712 799 1779 856 et
1823 792 2239 856 ministerium
2285 791 2457 877 quod
2506 792 2685 856 alteri
2733 791 2935 879 depu-

279 906 480 962 tatum
514 905 630 977 est,
673 920 794 962 nec
823 901 867 978 ⁸)
901 906 1120 963 contra
1167 920 1311 963 eum
1342 895 1688 964 contendat
1732 898 2018 985 abrumpi
2078 921 2114 963 a
2162 920 2288 983 quo
2335 900 2545 962 omnia
2589 900 2934 963 constituta

229 1017 264 1072 5
281 1014 430 1069 sunt
474 1014 539 1069 et
585 1013 806 1070 contra
849 1004 1018 1069 illius
1064 1004 1366 1070 benefitia
1409 1026 1692 1091 pugnare
1738 1003 2033 1070 videatur
2076 1027 2115 1069 a
2158 1027 2285 1091 quo
2344 1007 2665 1091 propriam
2710 1028 2933 1071 conse·

281 1119 464 1175 cutus
512 1119 609 1175 est
651 1119 1050 1197 potestatem,
1094 1133 1223 1176 non
1266 1111 1516 1196 legibus
1562 1110 1834 1198 publicis
1865 1134 1986 1176 nec
2017 1133 2056 1175 a
2083 1111 2506 1198 potestatibus
2554 1112 2773 1191 seculi,
2817 1111 2932 1177 sed

281 1239 319 1281 a
385 1216 788 1303 pontificibus
857 1227 922 1283 et
988 1216 1441 1284 sacerdotibus
1508 1219 1906 1304 omnipotens
1963 1218 2146 1284 Deus
2208 1218 2551 1284 christiane
2612 1220 2931 1303 religionis

281 1323 546 1390 clericos
594 1333 659 1389 et
703 1323 1064 1390 sacerdotes
1126 1325 1331 1390 voluit
1389 1324 1665 1390 ordinari
1713 1325 1948 1389 discuti
1996 1335 2060 1390 et
2104 1327 2302 1413 recipi
2349 1324 2430 1390 de
2477 1348 2684 1391 errore
2732 1348 2933 1391 reme-

281 1441 479 1497 anteS.
570 1430 739 1517 quod
786 1435 838 1496 si
884 1430 1240 1518 jurisdictio
1298 1434 1363 1496 in
1427 1431 1691 1499 clericos
1750 1442 1816 1496 et
1860 1431 2228 1498 sacerdotes
2275 1455 2520 1497 summo
2567 1434 2932 1519 imperatori

190 1553 263 1608 10
279 1539 629 1618 inhibetur,
697 1548 933 1625 quanto
991 1541 1190 1623 magis
1246 1539 1386 1604 aliis
1433 1538 1631 1625 laycis
1677 1540 2186 1624 magistratibus3
2257 1549 2640 1628 quapropter
2683 1540 2931 1605 clericis

280 1656 411 1711 tam
463 1669 502 1711 a
560 1646 778 1711 divino
847 1669 1037 1733 quam
1094 1646 1380 1732 ‘humano
1445 1648 1583 1732 jure
1652 1648 1776 1712 sibi
1845 1669 2150 1712 concessa
2215 1649 2618 1733 prerogativa
2689 1649 2933 1731 integra

281 1762 549 1833 maneat,
595 1763 668 1819 ut
709 1756 959 1818 nonnisi
1008 1777 1046 1819 a
1090 1755 1187 1818 sui
1236 1753 1475 1819 ordinis
1522 1754 1997 1839 magistratibus
2041 1752 2415 1839 judicentur.

397 1937 500 1998 30.
566 1932 670 1998 De
718 1934 905 1999 rebus
955 1932 1221 1998 ecclesie
1267 1932 1351 1997 ad
1394 1932 1629 1997 bellum
1677 1941 1897 1997 contra
1940 1932 2183 1998 Turcas
2230 1932 2724 1998 comunicandiS.

455 2057 603 2123 Non
647 2058 838 2123 licere
867 2080 969 2122 res
1015 2080 1227 2122 sacras
1259 2058 1455 2123 semel
1485 2057 1631 2123 Deo
1677 2057 1922 2123 dicatas
1968 2057 2052 2122 ad
2097 2058 2254 2122 alios
2302 2079 2454 2122 usus
2485 2057 2831 2137 transferri,
2877 2059 2932 2122 si

190 2175 259 2231 15
279 2187 510 2250 urgens
556 2188 683 2230 non
728 2164 896 2230 adsit
942 2167 1319 2243 necessitas,
1377 2164 1647 2230 habetur
1689 2164 1926 2230 Leviti.
1977 2175 2056 2232 27
2091 2167 2168 2246 ¹);
2231 2173 2331 2231 12.
2376 2187 2434 2249 q.
2483 2173 2519 2230 2
2569 2186 2622 2228 c.
2667 2165 2824 2229 nulli
2852 2167 2931 2245 ²);

282 2283 382 2342 19.
428 2296 487 2359 q.
535 2281 573 2340 3
621 2294 675 2337 c.
721 2294 845 2358 que
890 2272 1087 2337 semel
1113 2273 1192 2354 8);
1240 2281 1301 2336 et
1349 2293 1402 2337 c.
1447 2272 1531 2337 ad
1575 2272 1696 2337 hoc
1743 2270 1824 2336 de
1869 2272 2109 2356 religio.
2155 2271 2346 2336 domi.
2374 2273 2420 2351 ⁴¹)
2433 2296 2450 2350 ;
2498 2281 2563 2336 et
2607 2271 2645 2335 l.
2684 2273 2749 2335 in
2794 2281 2933 2336 tan·

278 2390 413 2445 tum
446 2378 513 2444 ff.
571 2378 653 2444 de
710 2402 918 2444 rerum
973 2378 1126 2443 divi.
1153 2381 1200 2462 ⁵)
1218 2404 1234 2458 ;
1293 2389 1358 2443 et
1402 2378 1548 2444 ideo
1606 2378 1770 2442 dixit
1819 2378 2167 2464 Gregorius
2216 2388 2277 2443 et
2323 2377 2591 2443 habet-ur
2641 2388 2738 2445 17.
2783 2402 2842 2464 q.
2890 2390 2930 2445 4

279 2509 333 2552 c.
365 2489 572 2574 questi
600 2488 667 2567 ⁶),
710 2485 883 2573 quod
928 2507 1046 2552 nec
1091 2485 1547 2551 mundanarum
1592 2508 1802 2550 rerum
1847 2508 1967 2550 nec
1999 2508 2318 2550 sacrorum
2351 2507 2662 2551 canonum
2692 2494 2932 2551 statuta

278 2595 652 2683 permittunt
695 2615 797 2660 res
842 2594 1208 2660 monasterii
1253 2592 1334 2659 ab
1381 2592 1665 2681 ejusdem
1706 2595 1846 2681 jure
1892 2592 2175 2679 quolibet
2220 2593 2406 2658 tit-ulo
2453 2595 2786 2680 segregari.

182 2712 259 2768 20
454 2701 757 2767 Fatemur
813 2709 1025 2766 tamen
1082 2709 1345 2786 urgente
1404 2703 1786 2765 necessitate
1850 2723 1966 2786 pro
2026 2699 2355 2786 republica
2411 2702 2758 2765 christiana
2821 2709 2931 2766 aut

275 2831 393 2895 pro
438 2811 836 2896 captivorum
882 2807 1317 2895 redemptione
1361 2808 1551 2873 licere
1598 2829 1779 2873 sacra
1825 2829 1980 2873 vasa
2021 2808 2292 2872 conflare
2340 2817 2406 2872 et
2449 2809 2616 2873 bona
2662 2807 2929 2873 ecclesie

276 2914 510 2982 donata
554 2915 636 2981 ad
680 2917 1076 2980 necessarios
1124 2938 1274 2981 usus
1305 2915 1679 2981 transferre:
1728 2938 1782 2981 c.
1819 2914 2026 2979 nullus
2078 2926 2177 2981 17.
2225 2937 2283 2999 q.
2330 2925 2371 2980 4
2402 2917 2481 2995 ⁷);
2528 2938 2581 2980 c.
2628 2917 2796 2980 sicut
2829 2926 2928 2982 12.

273 3046 335 3111 q.
367 3032 405 3090 2
435 3026 501 3105 ὅ).
547 3032 886 3110 propterea
916 3022 1077 3088 dixit
1123 3023 1311 3089 divus
1350 3023 1728 3087 Ambrosius
1775 3024 1840 3086 in
1888 3044 1963 3086 eo
2007 3021 2169 3085 libro
2207 3044 2396 3108 quem
2440 3020 2521 3086 de
2568 3022 2788 3087 offitiis
2833 3024 2930 3087 in-

276 3133 533 3218 scripsit
603 3140 667 3195 et
725 3130 995 3195 habetur
1046 3132 1111 3193 in
1172 3153 1226 3194 c.
1284 3153 1502 3195 aurum
1561 3129 1784 3195 eadem
1844 3151 2036 3194 causa
2094 3137 2158 3193 et
2214 3132 2544 3213 questione
2572 3130 2648 3210 9);
2709 3152 2928 3195 aurum

182 3248 255 3303 25
276 3239 546 3304 ecclesia
591 3237 784 3302 habet
829 3259 955 3301 non
1000 3247 1071 3301 ut
1116 3246 1347 3315 servet,
1392 3236 1509 3303 sed
1554 3246 1625 3301 ut
1657 3246 1905 3322 erroget
1956 3245 2016 3301 et
2055 3235 2394 3301 subveniat
2423 3237 2929 3301 necessitatibus.

275 3344 431 3432 quid
476 3354 576 3409 est
620 3367 780 3432 opus
838 3343 1161 3411 custodire
1216 3343 1388 3429 quod
1448 3344 1606 3409 nihil
1671 3343 1932 3429 adjuvat
1947 3346 1978 3407 ⁶?
2068 3366 2147 3408 an
2206 3346 2564 3428 ignoramus
2623 3355 2927 3429 quantum

276 3454 411 3518 auri
472 3460 537 3517 et
593 3453 834 3537 argenti
895 3451 976 3516 de
1037 3451 1276 3538 templo
1336 3451 1573 3516 domini
1633 3452 1848 3536 Asyrii
1911 3451 2346 3515 sustulerunt?
2435 3472 2641 3515 nonne
2703 3451 2926 3515 melius

275 3559 506 3625 conflat
574 3557 870 3624 sacerdos
939 3580 1053 3645 pro
1124 3558 1421 3623 alimonia
1480 3571 1862 3644 pauperum,
1931 3560 1982 3622 si
2061 3558 2268 3643 aliqua
2335 3556 2618 3623 subsidia
2678 3557 2927 3637 desunt,

274 3689 463 3753 quam
510 3667 560 3730 si
622 3666 963 3751 sacrilegus
1026 3667 1413 3731 contaminat
1472 3674 1659 3750 atque
1705 3674 1991 3752 asportat
2034 3664 2285 3729 hostis?
2374 3687 2579 3729 nonne
2640 3664 2925 3730 dicturus

179 3783 257 3837 30
275 3784 375 3839 est
433 3772 753 3840 dominus:
817 3795 931 3837 cur
986 3796 1209 3859 passus
1269 3795 1337 3835 cs
1405 3781 1503 3836 tot
1570 3775 1794 3857 inopes
1864 3772 2034 3837 fame
2102 3774 2307 3835 mori?
2409 3781 2580 3837 cert-e
2646 3771 2926 3837 habebas

416 3970 463 4021 ι)
490 3970 583 4022 Lea.
612 3968 699 4011 105

422 4060 459 4129 ¹)
497 4060 690 4115 3Mos.
728 4077 772 4115 c.
809 4063 900 4115 27.

416 4150 992 4219 ²)c.3C.12q.2.

419 4240 459 4309 ³)
497 4256 540 4295 e.
580 4241 615 4292 4
650 4238 813 4295 (114
848 4255 898 4308 q.
937 4242 987 4292 3.

177 4328 253 4383 85
414 4329 457 4395 ⁴)
493 4328 617 4383 Hb.
653 4328 763 4383 111
795 4328 876 4383 tit.
914 4331 988 4382 36
1023 4345 1066 4383 c.
1106 4331 1154 4382 4.

416 4416 456 4487 ὖ)
494 4418 567 4473 D.
606 4416 648 4469 I
676 4418 760 4473 tit.
799 4420 838 4471 8
874 4418 907 4472 Ζ.
948 4420 983 4471 6
1019 4417 1107 4486 (de
1143 4415 1309 4471 rebus
1346 4415 1736 4483 unium-sitatis,
1774 4414 1994 4483 nullius,
2031 4414 2202 4470 sacris
2233 4456 2245 4469 .
2288 4457 2298 4468 .
2342 4416 2389 4469 A.

415 4506 457 4576 ⁸)
496 4524 542 4562 c.
579 4510 650 4561 41
687 4507 858 4564 <21⁷
890 4524 938 4578 q.
978 4510 1028 4561 4.

420 4595 457 4666 τ)
495 4612 539 4652 ο.
580 4600 650 4652 19
686 4596 744 4654 0.
780 4600 849 4651 17
882 4612 931 4666 q.
970 4599 1019 4651 4.

416 4688 456 4755 ⁸)
494 4703 539 4742 ο.
577 4690 652 4741 49
687 4687 744 4743 c.
783 4689 853 4740 12
889 4702 937 4755 q.
973 4688 1029 4739 2.

176 4780 254 4835 40
416 4776 457 4846 ⁹)
494 4792 538 4832 c.
581 4779 653 4831 70
690 4775 745 4831 C.
783 4779 853 4831 12
890 4792 937 4845 q.
974 4778 1030 4830 2.
