3500 5300
618 340 728 406 512
1422 347 1521 404 No,
1559 349 1874 406 203-204:
1912 351 2052 407 1535
2086 351 2393 421 September
2428 353 2477 406 7.

429 548 566 599 1535
617 552 954 631 propterea
1011 544 1378 613 Sanctitatis
1439 545 1716 614 Vestrae
1777 555 2090 614 oratorem
2147 549 2325 614 miris
2384 556 2453 613 et
2503 546 2983 614 incredibilibus
3042 548 3269 634 ubique

407 615 484 685 ΒΡ
488 623 525 670 t.
567 619 962 718 ⁷honoribus
1021 656 1408 740 suscipiunt,
1478 653 1644 720 illius
1702 655 1892 742 plane
1938 678 2084 720 cum
2143 652 2588 720 studiosissimi
2660 663 2796 719 tum
2864 655 3273 720 amantissimi

621 760 882 846 [verbis]
951 760 1110 825 nihil
1176 763 1429 827 omnino
1497 763 1792 827 timentes
1859 784 1930 827 se
1998 761 2227 848 decipi.
2340 770 2406 827 et
2473 761 2597 828 hoc
2664 760 2923 849 quidem
2990 760 3276 843 dixerim,

617 866 985 933 beatissime
1029 875 1237 954 pater,
1296 868 1467 954 quod
1526 892 1628 934 me
1675 891 1896 934 verum
1941 868 2155 935 dicere
2201 870 2336 934 scio
2383 870 2639 956 (quippe
2684 870 2864 934 varia
2920 891 3067 934 mea
3130 891 3278 935 con·

619 974 954 1040 suetudine
1013 975 1185 1062 apud
1242 976 1474 1041 multos
1520 976 1786 1062 hujusce
1830 977 1922 1041 rei
1968 998 2098 1040 non
2140 977 2560 1062 inexpertus),
2616 974 3134 1061 quandoquidem
3178 976 3278 1043 hic
3322 986 3351 1040 5

619 1082 738 1145 sim
785 1084 852 1147 in
897 1081 1197 1148 umbilico
1243 1090 1307 1147 et
1351 1085 1419 1148 in
1465 1082 1657 1149 corde
1717 1084 1912 1148 totius
1961 1081 2341 1149 Germaniae
2404 1091 2470 1148 et
2525 1083 2590 1147 in
2649 1104 2725 1147 ea
2784 1081 3044 1169 quidem
3102 1091 3279 1169 parte

619 1210 783 1275 quae
828 1192 1096 1255 caeteris
1143 1197 1241 1255 est
1270 1189 1537 1276 hujusce
1567 1192 1844 1255 nationis
1874 1189 2161 1277 partibus
2205 1190 2395 1275 longe
2431 1188 2825 1275 frequentior
2869 1198 2934 1255 et
2962 1189 3281 1255 illustrior.

619 1304 872 1361 transeo
917 1296 1088 1384 quod
1134 1320 1262 1362 non
1293 1319 1374 1362 ex
1402 1299 1723 1383 jactantia,
1771 1296 1884 1362 sed
1929 1306 2194 1384 propter
2236 1298 2573 1362 veritatem
2613 1296 2776 1378 dico,
2821 1298 2969 1384 quia
2998 1298 3278 1382 negociis

620 1411 686 1467 et
728 1425 948 1488 regum
992 1413 1058 1468 et
1100 1406 1460 1491 principum
1517 1413 1581 1469 et
1639 1403 1708 1469 id
1751 1426 1951 1490 genus
2013 1404 2279 1470 aliorum
2332 1412 2725 1491 satraparum
2769 1404 3149 1489 frequenter
3191 1406 3280 1468 in-

619 1519 877 1591 tersum,
921 1511 1081 1576 nihil
1126 1510 1297 1596 quod
1326 1519 1542 1577 nostra
1571 1511 1809 1577 referat
1851 1533 1979 1576 non
2012 1511 2367 1597 explorans,
2434 1511 2623 1577 audio
2655 1520 2828 1576 certe
2859 1512 2969 1576 vix
3002 1533 3279 1597 unquam
3296 1522 3348 1574 10

619 1617 815 1683 ullum
881 1627 1098 1683 nostra
1166 1621 1467 1683 memoria
1533 1620 1832 1684 nuncium
1899 1619 2321 1704 apostolicum
2399 1618 2603 1684 fuisse
2682 1627 2813 1683 tam
2857 1617 2939 1684 ab
2986 1619 3276 1684 omnibus

617 1724 1012 1811 principibus
1057 1727 1302 1810 magnis
1350 1735 1415 1789 et
1461 1724 1885 1811 singularibus
1931 1724 2274 1790 honoribus
2312 1733 2679 1813 susceptum
2709 1734 2777 1789 et
2805 1733 2982 1790 tanto
3031 1725 3277 1790 urbium

618 1840 683 1897 et
735 1833 1114 1918 populorum
1171 1833 1483 1919 applausu
1498 1882 1514 1912 ,
1572 1840 1809 1918 quanto
1862 1834 1919 1897 is
1978 1832 2085 1897 ille
2137 1831 2492 1918 Vergerius
2549 1831 2735 1897 Pauli
2790 1831 2901 1895 111
2959 1834 3274 1919 pontificis

616 1940 908 2004 omnibus
954 1940 1160 2005 modis
1208 1942 1430 2027 optimi
1500 1948 1564 2004 et
1625 1941 1885 2005 maximi
1953 1941 2219 2005 nuncius
2232 1989 2250 2020 ,
2304 1950 2378 2004 ut
2422 1941 2530 2024 qui
2593 1940 2702 2003 vix
2749 1938 2831 2004 ad
2876 1947 3130 2004 tantum
3176 1963 3276 2005 ne-

616 2049 872 2131 gocium
916 2049 1016 2112 sui
1061 2050 1270 2134 possit
1313 2046 1549 2112 habere
1594 2047 1884 2127 similem,
1928 2069 2157 2134 nempe
2203 2045 2460 2111 dotibus
2501 2054 2566 2111 et
2596 2046 2940 2112 virtutibus
2986 2046 3071 2112 ad
3120 2047 3273 2112 hanc
3294 2055 3344 2109 15

617 2177 752 2220 rem
809 2155 996 2240 plane
1062 2155 1337 2220 selectis.
1440 2155 1667 2240 loquor
1726 2156 1896 2219 enim
1963 2176 2126 2240 quae
2194 2152 2326 2219 vidi
2397 2162 2463 2218 et
2529 2176 2691 2239 quae
2759 2152 2951 2219 audio
3021 2158 3272 2240 inquam

618 2260 907 2348 quotidie
952 2284 991 2326 a
1034 2262 1295 2327 summis
1342 2270 1407 2327 et
1452 2262 1710 2341 infimis,
1771 2269 1842 2326 ut
1895 2262 2148 2326 omnino
2207 2283 2454 2347 sperem
2515 2282 2734 2327 omnes
2780 2260 2896 2325 hos
2956 2262 3271 2349 principes

617 2368 701 2434 ad
757 2368 1097 2435 concilium
1154 2377 1457 2436 venturos
1518 2390 1899 2456 quocunque
1959 2390 2069 2433 eos
2115 2367 2361 2436 Vestra
2417 2365 2737 2433 Sanctitas
2794 2371 3160 2450 vocaverit,
3214 2378 3274 2434 et

618 2476 958 2542 concilium
1003 2478 1212 2567 ipsum
1258 2477 1543 2562 quietum
1591 2485 1655 2541 et
1699 2474 2096 2542 fructuosum
2144 2474 2280 2540 fore
2293 2525 2311 2556 ,
2370 2497 2518 2540 cum
2574 2474 2754 2539 facili
2817 2475 3073 2541 scilicet
3130 2498 3270 2542 exe-

616 2586 922 2670 quutione
981 2593 1045 2649 et
1101 2584 1478 2652 voluntaria.
1590 2591 1929 2671 propterea
1986 2605 2138 2649 vero
2195 2583 2419 2670 putavi
2476 2582 2634 2648 haec
2687 2605 2857 2649 nunc
2915 2585 3269 2650 necessario
3285 2591 3343 2644 20

616 2691 1181 2773 commemoranda,
1226 2700 1297 2757 ut
1344 2691 1664 2757 Sanctitas
1709 2688 1955 2757 Vestra
1997 2692 2312 2757 veraciter
2365 2689 2675 2775 intelligat
2731 2689 2887 2775 quid
2934 2689 3271 2756 Germania

617 2798 700 2864 de
746 2821 822 2864 ea
866 2802 1133 2881 sentiat,
1189 2808 1497 2887 qnantum
1555 2798 1647 2863 illi
1693 2797 1963 2878 tribuat,
2022 2807 2326 2884 quantum
2373 2797 2454 2863 ab
2502 2820 2579 2862 ea
2622 2806 2867 2884 speret,
2925 2806 3128 2884 utque
3171 2821 3269 2863 ac-

617 2929 809 2973 censa
852 2906 973 2973 hac
1017 2915 1194 2972 tanta
1239 2908 1520 2971 omnium
1566 2907 2006 2992 expectatione
2066 2908 2132 2970 in
2186 2906 2588 2970 sanctissimo
2649 2912 2714 2969 et
2758 2906 3045 2969 omnium
3091 2906 3267 2991 longe

614 3016 989 3099 gravissimo
1035 3014 1157 3079 hoc
1204 3036 1396 3101 opere
1443 3022 1508 3079 et
1552 3036 1857 3100 perquam
1904 3015 2173 3078 maxime
2212 3013 2570 3078 necessario
2601 3020 2973 3098 perseveret
3017 3033 3267 3098 prorsus

615 3144 816 3207 usque
878 3120 961 3187 ad
1015 3124 1288 3201 exitum,
1345 3143 1535 3207 quem
1589 3142 1809 3186 omnes
1868 3142 2114 3186 summo
2171 3120 2463 3184 nimirum
2520 3117 2838 3184 desiderio
2895 3121 3165 3205 cupiunt
3206 3124 3342 3185 et25

615 3238 892 3316 sperant,
936 3228 1110 3317 quod
1154 3251 1307 3294 sane
1351 3228 1640 3294 futurum
1686 3236 1783 3293 est
1829 3250 1975 3293 cum
2018 3228 2358 3293 immortali
2380 3225 2662 3294 Vestrae
2708 3225 3083 3293 Sanctitatis
3128 3247 3268 3292 suo-

617 3359 880 3423 rumque
926 3339 1204 3403 omnium
1249 3335 1439 3401 laude
1486 3344 1550 3400 et
1596 3335 1812 3421 gloria.
1844 3384 1858 3399 .
1891 3385 1905 3400 .
1938 3385 1953 3400 .

405 3457 524 3529 Spt.
566 3461 601 3512 ⁷
795 3461 899 3526 Ex
943 3463 1282 3548 Moguntia
1332 3472 1366 3530 7
1416 3460 1797 3548 septembris
1843 3482 2008 3524 anno
2054 3482 2093 3524 a
2137 3457 2394 3525 Christo
2439 3459 2596 3525 Jesu
2643 3466 2793 3525 nato
2846 3468 3033 3526 1535.

404 3760 525 3904 {Pt-
566 3764 601 3816 ⁷
618 3765 783 3835 204.
893 3766 1175 3849 Verywio
1217 3788 1307 3831 an
1351 3766 1665 3831 Ricalcati
1677 3787 1699 3830 .·
1757 3765 2207 3831 bevorsteloende
2263 3763 2700 3845 Verhandluny
2753 3763 2873 3826 mit
2914 3763 3051 3828 dem
3094 3762 3265 3828 Kur-

444 3832 581 3905 122]
613 3875 860 3956 fiirstm
915 3873 1172 3938 Johann
1228 3895 1346 3938 von
1398 3874 1605 3953 Mer,
1665 3872 1767 3937 die
1822 3872 1994 3936 loeine
2039 3870 2568 3953 Schwieriykeiten
2625 3870 2819 3934 haben
2876 3870 3053 3934 wird.
3143 3868 3340 3933 Be-ao

617 3982 859 4064 sorynis
905 4002 1010 4045 vor
1054 3981 1162 4044 der
1207 3980 1498 4064 Haltunq
1541 3981 1645 4045 des
1689 3979 2079 4061 Kurfiirsten
2126 3979 2455 4043 Hermann
2506 3998 2625 4041 von
2668 3976 2856 4041 Ko‘lfn.
2949 3975 3265 4041 Rackkehr

616 4090 722 4154 des
767 4089 1034 4154 Kaisers
1094 4109 1217 4151 aus
1261 4087 1496 4169 Afrika
1554 4091 1851 4151 marte&
1946 4085 2472 4167 Nothwendiykeit
2536 4084 2649 4148 ilm
2711 4084 2822 4165 fiir
2888 4084 3007 4149 das
3065 4080 3267 4149 Concu

616 4197 778 4262 nach
822 4197 940 4261 den
1000 4194 1349 4262 Wiinschen
1415 4195 1523 4260 der
1590 4194 1782 4260 Curis
1844 4215 1927 4259 zu
1990 4193 2327 4277 yewinnen.
2431 4192 2763 4274 Warmmy
2822 4212 2928 4256 vor
2978 4191 3263 4275 qewissen

618 4304 868 4369 Rathm
911 4304 1016 4367 (103
1060 4303 1343 4380 KaiserS,
1412 4301 1626 4366 welche
1690 4301 1808 4364 mit
1864 4301 1984 4365 den
2041 4299 2365 4365 deutschen
2422 4299 2692 4364 Ketzern
2748 4299 2821 4362 vin
2879 4297 3263 4378 Verbinduny

614 4413 837 4490 stehen,
882 4410 1142 4475 weshalb
1201 4409 1476 4474 Vorsicht
1516 4408 1761 4492 yeboten
1805 4409 1903 4471 ist.
1995 4407 2254 4489 Anyabe
2296 4407 2412 4470 wie
2453 4427 2606 4469 man
2656 4426 2719 4469 03
2763 4404 3067 4468 erreichen
3107 4402 3260 4479 30110,
3276 4410 3335 4465 35

616 4521 744 4602 defi
787 4519 914 4599 auf
946 4518 1078 4581 dem
1119 4516 1328 4581 meil
1371 4516 1470 4579 01ίο
1513 4513 1796 4581 Schliisse
1840 4515 1947 4579 der
1992 4514 2592 4597 voraufyoyanyenen
2629 4511 2940 4575 Concilien
2982 4510 3152 4574 nicht
3194 4510 3261 4573 in

617 4628 822 4709 Fraye
862 4624 1095 4709 903έοΠί
1136 4624 1273 4688 und
1315 4623 1415 4687 die
1472 4623 1576 4687 (103
1620 4622 2116 4689 bevorstehenden
2172 4642 2289 4686 zur
2335 4618 2750 4703 Ausfiihruny
2790 4617 3073 4701 ycbracht
3112 4637 3260 4680 wer-

617 4735 734 4799 den
790 4734 1047 4799 konnen.
1152 4730 1488 4813 Verhessen
1543 4731 1812 4797 weiterer
1870 4729 2367 4814 Mittheilmzyen.
2463 4727 2711 4793 Nutzcm
2768 4725 2873 4790 (103
2932 4725 3261 4793 Kommens
