3500 5300
562 314 666 377 180
1434 319 1536 374 No.
1573 320 1816 375 34—35:
1856 321 1995 375 1533
2033 319 2267 375 Oktober
2300 322 2350 375 3.

362 516 505 568 1533
558 514 838 579 maxime
881 536 1063 580 verso
1110 516 1315 603 questi
1360 515 1471 581 dui
1515 517 1806 603 principi,
1852 524 1915 583 et
1961 515 2077 583 che
2121 540 2162 581 a
2192 515 2319 582 bon
2366 516 2494 582 fine
2524 516 2764 583 habbia
2794 540 2979 605 preco
3001 524 3224 606 questo

345 584 464 639 ΘΗ·
505 589 541 639 3
562 622 850 705 camin03
897 644 1002 687 ma
1045 644 1206 708 pure
1252 621 1551 688 habiamo
1605 623 1808 701 anche
1853 645 2015 710 gran
2061 646 2205 689 6066
2250 630 2313 688 61
2356 647 2518 710 gran
2566 627 2915 690 conietture
2958 627 3028 688 in
3078 647 3224 690 con·

560 730 773 811 trario,
819 727 934 793 che
980 730 1037 794 61
1084 752 1238 794 sono
1285 732 1496 796 sci-itte
1541 730 1606 795 di
1654 730 1876 814 Roma,
1923 738 1987 796 et
2031 753 2098 797 se
2142 729 2205 796 la
2250 739 2461 797 mente
2505 731 2571 796 di
2619 730 2751 797 Sua
2789 731 3038 798 Santita
3068 734 3227 797 vora·

559 858 683 921 pur
727 844 894 901 stare
938 844 1266 902 constante
1311 838 1378 901 in
1424 839 1570 925 quei
1628 835 1779 902 boni
1841 839 2091 902 termini
2149 837 2265 903 che
2325 839 2378 902 si
2424 838 2641 923 crede,
2703 838 2803 904 chi
2863 841 3223 904 n'assecura

559 942 727 1008 della
771 943 947 1008 forza
992 943 1110 1009 che
1155 943 1244 1031 gli
1291 945 1417 1032 pub
1463 967 1634 1010 esser
1678 945 1967 1011 usata‘?“
2054 946 2121 1009 in
2167 966 2442 1027 somma,
2489 946 2688 1033 padre
2733 954 2949 1030 sante,
3010 945 3075 1011 la
3118 968 3224 1030 ge·
3279 954 3313 1005 5

561 1049 718 1115 losia
763 1072 889 1115 non
934 1052 1142 1138 petria
1185 1053 1292 1137 gia
1338 1073 1505 1116 esser
1550 1054 1889 1138 maggiore.
1937 1052 1998 1116 io
2045 1075 2126 1117 ne
2170 1052 2374 1117 saccio
2406 1052 2551 1139 quel
2598 1075 2755 1140 poco
2803 1052 3077 1118 d'officio
3108 1051 3225 1116 che

561 1179 796 1222 messer
840 1158 1198 1224 Domnedio
1243 1159 1569 1245 m'inspira
1613 1165 1675 1223 et
1719 1160 1924 1246 parmi
1970 1159 2270 1224 etiamdio
2315 1182 2485 1225 esser
2528 1158 2779 1225 ascoltO.

739 1263 796 1327 ll
841 1264 969 1329 R¹¹¹⁰
1016 1264 1304 1330 cardinal
1349 1267 1656 1351 raggiona
1702 1265 1820 1331 che
1879 1265 2010 1331 Sua
2055 1266 2302 1331 Maesta
2360 1268 2542 1331 veria
2586 1266 2863 1332 haverne
2920 1264 2981 1330 le
3047 1273 3226 1351 poste

562 1393 602 1435 a
646 1370 791 1458 quel
839 1370 1024 1436 luoco
1084 1372 1247 1437 dove
1307 1372 1588 1437 risedera
1631 1372 1865 1438 Vestra
1927 1372 2178 1438 Santita
2235 1394 2350 1458 per
2407 1395 2656 1438 esserne
2713 1373 2875 1438 satta
2917 1374 3226 1460 participe

563 1477 855 1543 d'alcuna
901 1500 1047 1544 cosa
1078 1478 1141 1544 di
1190 1478 1335 1565 quel
1367 1485 1697 1563 convento,
1741 1487 1806 1544 et
1833 1479 2003 1544 m’ha
2048 1486 2345 1566 proposto
2392 1478 2509 1544 che
2554 1479 2639 1543 da
2669 1479 2906 1544 Trento
2953 1503 2994 1543 a
3023 1467 3224 1545 Milan
3248 1489 3316 1542 10

564 1586 731 1649 saria
777 1585 862 1650 da
906 1583 1209 1669 metterle‚
1255 1588 1360 1672 poi
1407 1586 1474 1651 di
1516 1585 1581 1650 la
1627 1587 1690 1650 in
1752 1585 1817 1650 la
1877 1587 2132 1651 servii-si
2192 1584 2355 1650 delle
2406 1584 2626 1668 astrui,
2685 1594 2749 1651 et
2809 1585 2926 1651 che
2970 1586 3142 1651 fusse
3188 1609 3228 1651 a

564 1693 882 1757 communi
922 1714 1117 1778 spese,
1164 1691 1281 1756 che
1327 1692 1741 1757 ascenderian
1788 1691 1913 1757 ben
1958 1716 2000 1758 a
2047 1703 2130 1760 20
2168 1692 2345 1757 sandi
2390 1713 2506 1779 per
2551 1698 2731 1778 parte
2776 1691 2838 1757 al
2884 1716 3069 1758 mese.
3164 1695 3224 1757 io

564 1799 804 1863 n'aviso
850 1799 1373 1882 riverentemente
1421 1799 1652 1863 Vestra
1697 1798 2131 1881 Beatitudine‚
2194 1822 2258 1863 se
2320 1820 2435 1885 per
2489 1798 2756 1885 qualche
2811 1797 2936 1864 bon
2991 1800 3118 1865 fine
3163 1807 3227 1865 et

564 1905 773 1970 effetto
819 1928 860 1969 a
902 1903 984 1969 lei
1032 1927 1282 1991 paresse
1327 1905 1391 1969 di
1439 1904 1613 1970 farlo.

745 2029 1180 2095 Humilmente
1223 2029 1311 2116 gli
1357 2028 1579 2094 baccio
1623 2028 1666 2093 il
1713 2030 1899 2117 piede
3252 2041 3321 2094 15

354 2147 474 2202 Okt.
513 2151 549 2201 3
745 2137 831 2201 Di
879 2136 1129 2202 Vienna
1175 2135 1280 2201 alli
1331 2148 1367 2203 3
1418 2135 1727 2201 d'ottobre
1773 2134 1875 2202 del
1924 2147 2024 2204 33.

352 2396 474 2450 Okt.
513 2400 549 2449 3
567 2386 683 2454 35.
779 2385 1194 2451 Carneseccki
1251 2407 1340 2450 an
1401 2386 1734 2469 Veryerio:
1804 2386 2189 2467 Aufentkalt
2233 2387 2341 2450 des
2396 2386 2665 2467 Papstes
2729 2388 2805 2451 in
2863 2386 3025 2451 Pisa
3092 2389 3237 2452 und

567 2492 1052 2573 Dispositionen
1098 2493 1252 2556 iiber
1298 2494 1401 2557 die
1459 2494 1880 2558 Weiterreise.
1991 2494 2469 2574 Versicheruny,
2519 2493 2651 2575 dast
2709 2493 2815 2558 die
2859 2493 3057 2558 Reise
3101 2515 3234 2559 nur

567 2601 708 2666 dem
796 2600 1013 2666 Wohle
1088 2600 1201 2665 der
1282 2599 1710 2666 Glaristenheit
1781 2600 1957 2683 yelte.
2064 2600 2609 2683 Verdnderunyen
2680 2602 2770 2665 im
2848 2601 3232 2668 Gardimzls-

567 2708 893 2790 colleyium
965 2709 1107 2772 und
1183 2710 1258 2772 in
1332 2708 1693 2790 Besetzuny
1776 2709 1884 2773 des
1962 2708 2628 2789 Gouverneuwostens
2704 2728 2827 2772 von
2913 2707 3230 2791 Boloyna.
3252 2719 3327 2771 20

568 2817 967 2899 Anweisuny
1013 2837 1102 2880 an
1147 2816 1270 2880 den
1315 2815 1624 2894 Nuntius,
1690 2815 1904 2881 wohin
1948 2816 2125 2880 scine
2169 2814 2538 2898 Depeschen
2581 2837 2664 2882 zu
2708 2815 2969 2880 richten.
3064 2819 3234 2879 1533

576 2922 840 2988 Oktober
885 2926 928 2986 3
975 2921 1158 2987 Pisa.

713 3048 836 3102 Ans
880 3047 1135 3117 Venedigy,
1173 3046 1323 3101 Bibz.
1361 3047 1539 3101 Mare.
1575 3045 1694 3100 ital.
1732 3045 1801 3100 cl.
1839 3045 1893 3102 V
1929 3045 2049 3101 cod.
2089 3047 2160 3101 63
2195 3064 2276 3100 nr.
2317 3047 2385 3101 16
2427 3046 2576 3117 Θήῃ.

749 3169 843 3234 Le
888 3171 1092 3257 prime
1138 3177 1200 3235 et
1257 3169 1476 3234 ultime
1533 3170 1658 3234 mie
1704 3193 1742 3233 a
1789 3169 1861 3234 V.
1917 3168 1979 3235 S.
2028 3169 2253 3234 furono
2312 3169 2378 3234 di
2440 3169 2643 3254 Satri,
2703 3193 2784 3236 ne
2843 3170 2901 3236 le
2960 3169 3134 3258 quali
3182 3173 3235 3235 si

573 3279 795 3343 scrisse
840 3279 1004 3342 assai
1050 3279 1448 3364 pienamente
1494 3286 1730 3365 quanto
1780 3276 2040 3342 all’hora
2088 3299 2443 3342 occorreva.
2534 3279 2642 3364 poi
2687 3301 2800 3365 per
2843 3277 2887 3342 il
2932 3280 3234 3344 continuo
3255 3288 3330 3342 25

575 3384 910 3450 cavalcare
956 3392 1018 3450 et
1062 3406 1175 3470 per
1221 3406 1348 3449 non
1395 3383 1593 3448 havet·
1638 3382 1832 3448 hauto
1878 3383 2071 3448 molto
2117 3382 2203 3448 da
2248 3383 2402 3467 dire,
2461 3405 2591 3448 non
2650 3382 2730 3448 ho
2789 3386 3003 3451 scritto
3063 3384 3235 3450 altri-

573 3494 785 3558 menti.
877 3491 1031 3557 hora
1077 3493 1275 3555 siamo
1321 3491 1389 3554 in
1437 3491 1605 3574 Pisa,
1654 3513 1773 3556 ove
1817 3490 2049 3556 Nostro
2095 3488 2360 3576 Signore
2404 3491 2458 3554 si
2505 3490 2540 3553 6
2586 3490 2850 3556 fermato
2899 3490 3021 3556 ben
3068 3491 3235 3557 dieci

573 3600 781 3686 giomi
825 3621 938 3685 per
999 3597 1041 3662 il
1101 3606 1312 3684 tempo
1381 3598 1632 3663 sinistro
1700 3604 1763 3663 et
1820 3605 1982 3663 tutto
2045 3598 2362 3662 contrario
2421 3596 2480 3661 al
2537 3598 2874 3683 navigare3
2943 3596 2988 3662 il
3047 3599 3237 3686 quale

363 3730 486 3785 Okt.
522 3732 557 3783 4
576 3706 838 3771 essendo
886 3712 1126 3770 cessato
1170 3706 1279 3790 gia
1321 3704 1447 3770 due
1491 3706 1697 3790 giorni
1757 3726 1910 3769 sono
1958 3702 2088 3769 Sua
2133 3705 2385 3770 Santita
2437 3704 2791 3769 domattina
2835 3706 3079 3791 partiri»
3120 3727 3238 3792 per

576 3812 876 3895 Livorn0,
922 3811 1086 3876 onde
1131 3810 1685 3876 c'imbarcheremo
1732 3819 1796 3876 et
1840 3812 2196 3899 sequiremo
2242 3819 2455 3876 nostro
2500 3812 2776 3897 viaggiO,
2821 3811 3085 3876 essendo
3129 3815 3331 3898 giasso

576 3918 869 4005 parecchi
913 3917 981 3983 di
1028 3916 1143 3984 che
1188 3917 1232 3982 il
1279 3916 1558 3982 Chrisv¹¹⁰
1605 3941 1716 3983 era
1761 3918 1828 3983 di
1873 3941 2002 4005 qua
2032 3918 2436 4003 d'Avignone
2480 3940 2595 4005 per
2640 3921 2824 3984 venir
2868 3941 2907 3981 a
2951 3920 3234 3984 ricevere

577 4027 708 4094 Sua
753 4026 1019 4093 Santita.
1113 4023 1214 4090 del
1260 4026 1363 4089 cui
1408 4027 1727 4112 proposito
1773 4034 1839 4091 et
1882 4025 2142 4090 volonta
2186 4027 2356 4090 circa
2399 4024 2459 4091 le
2506 4048 2648 4091 cose
2695 4024 2810 4090 che
2858 4025 3121 4091 s'hanno
3154 4027 3237 4090 da

578 4142 840 4200 trattare
885 4155 1006 4198 con
1075 4132 1206 4197 Sua
1250 4131 1526 4216 Maesta,
1598 4133 1674 4199 V.
1723 4132 1784 4198 S.
1833 4131 1991 4196 hara
2059 4131 2295 4197 veduto
2358 4155 2398 4196 a
2465 4132 2822 4220 quest'hora
2890 4142 3129 4220 quanto
3187 4135 3237 4198 si

580 4249 931 4307 eonteneva
975 4242 1041 4304 in
1073 4239 1243 4304 dette
1290 4240 1413 4305 mie
1445 4243 1514 4324 ¹).
1561 4239 1605 4304 il
1637 4240 1981 4305 medesimo
2028 4238 2264 4326 replico
2299 4239 2521 4305 adesso
2555 4279 2637 4288 —-
2672 4262 2819 4305 caso
2852 4239 2969 4306 che
2999 4247 3238 4307 cotesto

728 4527 769 4587 ’1
807 4527 953 4582 Hier
999 4526 1209 4582 scheint
1258 4527 1349 4581 ein
1383 4525 1634 4580 Irrthum
1673 4525 2068 4581 Carnesccchi’s
2104 4526 2472 4595 vorzulieyen‚
2531 4524 2718 4579 desem
2762 4542 2869 4580 von
2915 4526 3028 4581 ihm
3076 4542 3239 4596 maye·
3258 4522 3335 4577 35

578 4632 802 4686 zoyeroer
851 4616 1026 4682 Bries'
1065 4632 1170 4669 aus
1215 4615 1374 4668 Satri
1426 4626 1536 4682 (nr.
1587 4618 1684 4685 30)
1735 4617 1873 4671 iiber
1928 4616 2018 4670 die
2055 4616 2205 4670 Ziele
2259 4615 2358 4670 der
2404 4616 2755 4684 papstlichen
2792 4615 3006 4670 Politik
3059 4617 3242 4671 nicht-s

579 4704 804 4760 cathem.
