3500 5300
548 321 652 383 17⁰
1527 321 1627 377 No,
1666 322 1766 376 43:
1808 321 1943 376 153⁷
1979 320 2087 374 Mai
2130 321 2211 375 17.

293 527 399 647 132
402 524 527 645 {3717
544 519 936 715 ἴῆᾞὲξεη
949 518 1080 582 sich
1129 520 1198 581 in
1241 517 1728 599 umfassendster
1790 517 1989 583 Wec’se
2042 538 2229 600 yeyen
2288 515 2518 581 Italien
2570 516 3018 578 rz’iste.1537
3066 514 3223 579 Mai

690 753 815 805 Ans
850 750 1080 821 Neapel,
1126 749 1359 804 Grande
1394 749 1659 805 Archivio
1695 748 1863 804 Carte
1900 747 2232 807 Famesiane
2269 747 2429 803 Fase.
2471 749 2575 803 708
2613 747 2773 802 Cone.

312 879 453 946 Apr·
490 880 529 931 2
726 876 836 939 Ho
898 875 980 940 da
1037 874 1138 939 far
1196 885 1487 961 resposta
1545 898 1582 938 a
1639 885 1735 937 tre
1799 875 2023 938 lettere
2082 873 2146 937 di
2205 872 2294 939 V.
2341 872 2438 938 S.:
2497 872 2560 937 la
2613 875 2819 959 prima
2874 878 2909 934 e
2973 872 3055 937 de
3106 870 3223 936 dui

317 951 507 1074 1353
553 983 836 1069 d'aprile‚
880 990 1184 1047 recevuta
1227 982 1336 1046 alli
1384 992 1421 1047 3
1470 981 1574 1045 del
1630 991 1928 1068 presente
1957 983 2035 1061 ²),
2092 978 2294 1045 l’alt-re
2356 980 2480 1045 duc
2541 1002 2698 1045 sono
2755 978 2836 1044 de
2888 989 2969 1046 16
3018 991 3086 1043 et
3137 990 3217 1045 19
3273 993 3307 1043 5

353 1097 401 1145 3
440 1094 505 1143 15
553 1089 815 1176 d’aprile
874 1099 1174 1153 recevute
1234 1088 1342 1153 alli
1407 1098 1485 1155 15
1549 1088 1614 1152 di
1675 1098 1905 1174 questo
1933 1090 1998 1171 ³).
2104 1087 2518 1152 cominzando
2578 1087 2748 1152 dalla
2803 1089 3009 1173 prima
3070 1086 3220 1151 dico

549 1199 668 1263 che
724 1195 1021 1261 havendo
1067 1195 1305 1260 Nostro
1353 1194 1622 1280 Signore
1681 1195 1808 1259 ben
1871 1195 2274 1260 considerato
2332 1195 2378 1259 il
2437 1194 2802 1259 memoriale
2862 1192 3088 1259 datovi
3137 1192 3221 1257 da

549 1314 794 1370 cotesta
839 1303 1090 1367 Maesta
1151 1325 1341 1387 sopra
1400 1302 1461 1365 le
1520 1312 1616 1366 tre
1663 1304 1958 1388 petitioni
2016 1302 2185 1368 delle
2233 1310 2463 1367 333313
2508 1301 2661 1365 nelli
2709 1300 2975 1365 dominii
3021 1301 3221 1386 patri-

549 1412 827 1489 moniali,
873 1409 1162 1474 absentie
1210 1420 1273 1473 et
1320 1412 1612 1494 pensioni
1660 1419 1724 1472 et
1773 1409 1998 1473 fattole
2054 1408 2256 1475 anche
2303 1408 2539 1474 vedere
2586 1409 2671 1473 da
2714 1409 2927 1474 alcuni
2976 1409 3220 1493 signori

550 1519 890 1596 cardinali,
948 1518 1056 1582 alli
1118 1517 1287 1602 quali
1338 1515 1470 1580 Sua
1515 1514 1768 1580 Santita
1826 1516 2023 1580 molto
2086 1516 2458 1582 attribuisee
2517 1538 2632 1602 per
2686 1516 2748 1580 la
2792 1515 2891 1579 lor
2935 1515 3221 1580 dot-trina
3243 1532 3305 1582 10

552 1636 616 1691 et
663 1627 1071 1710 experientia,
1116 1634 1300 1688 trova
1344 1647 1465 1687 con
1498 1610 1693 1687 molto
1742 1646 1858 1687 suo
1890 1623 2280 1709 despiaeere,
2326 1644 2507 1687 come
2538 1623 2752 1707 quello
2798 1622 2918 1687 che
2966 1644 3220 1708 sempre

552 1733 847 1798 desidera
893 1735 962 1796 in
1018 1740 1186 1796 tutto
1245 1730 1505 1795 satisfar
1561 1731 1684 1794 3113
1729 1730 1988 1795 Maesta
2034 1728 2194 1807 Sua,
2254 1752 2379 1793 non
2439 1737 2660 1815 potere
2720 1727 3078 1794 concedere
3126 1728 3216 1792 al-

551 1864 715 1905 cuna
778 1839 860 1903 de
920 1838 1080 1902 (11113
1139 1839 1463 1923 petitioni,
1523 1837 1884 1922 imperoche
1945 1837 2002 1899 13
2051 1837 2173 1900 due
2223 1837 2442 1900 ultime
2491 1857 2647 1900 sono
2696 1848 3220 1921 expressamente

550 1948 615 2010 in
663 1944 1013 2031 preiudieio
1060 1943 1160 2007 del
1208 1958 1381 2007 terzo
1430 1954 1492 2006 et
1538 1943 1601 2007 la
1645 1944 1878 2027 prima,
1934 1943 2051 2006 che
2098 1949 2133 2005 3
2181 1942 2470 2022 l’annata,
2516 1945 2684 2007 saria
2728 1941 2791 2006 la
2834 1941 2993 2005 total
3038 1943 3222 2006 ruina

551 2053 615 2116 di
665 2062 890 2138 questa
933 2061 1105 2115 corto
1154 2073 1275 2113 con
1323 2072 1486 2135 poco
1534 2074 1571 2111 o
1620 2049 1792 2113 nullo
1841 2051 2095 2134 profitto
2142 2048 2207 2113 di
2256 2049 2385 2114 Sua
2440 2051 2729 2128 Maesta,
2775 2049 3219 2114 conciosiaehc
3240 2064 3306 2118 15

553 2158 990 2223 intendendosi
1031 2200 1106 2205 —
1144 2180 1323 2220 come
1371 2166 1547 2220 certo
1594 2178 1661 2217 sc
1711 2154 2063 2220 intenderia
2098 2197 2177 2203 ——
2214 2156 2276 2220 la
2320 2159 2695 2221 concession
2742 2156 2824 2220 de
2868 2155 2957 2221 tal
2996 2159 3220 2240 gratia,

553 2269 702 2332 tutti
752 2267 792 2330 li
841 2267 982 2330 altri
1031 2267 1305 2351 principi
1353 2286 1478 2328 con
1523 2263 1801 2327 colorato
1850 2286 2039 2327 cause
2086 2263 2146 2327 13
2189 2265 2553 2328 cercariano
2602 2271 2667 2328 et
2713 2266 2879 2328 saria
2924 2286 3011 2327 un
3041 2264 3222 2329 levar

553 2376 616 2437 in
665 2382 831 2437 tutto
878 2371 936 2436 la
985 2373 1292 2435 sustantia
1348 2369 1449 2434 del
1513 2373 1674 2434 vitto
1735 2368 1801 2433 di
1849 2377 2074 2454 questa
2130 2380 2322 2434 corte.
2399 2381 2464 2433 ct
2509 2370 2811 2436 aceioehe
2857 2371 2918 2435 la
2962 2370 3219 2435 Maesta

555 2480 682 2543 Sua
730 2501 1004 2543 conosea
1051 2477 1170 2542 3113
1218 2475 1348 2541 Sua
1394 2476 1803 2541 Beatitudine
1849 2479 1913 2540 in
1961 2486 2128 2540 tutto
2173 2477 2471 2562 quelche
2519 2485 2647 2563 puo
2693 2500 2886 2542 senza
2931 2477 3048 2542 dar
3092 2478 3219 2542 mal

555 2588 847 2673 exempio
895 2584 998 2651 alli
1047 2584 1209 2664 altri,
1256 2583 1554 2649 desidera
1613 2583 1914 2649 satisfarli
1935 2633 1950 2664 ‚
2011 2584 2091 2648 ha
2153 2583 2460 2670 deputat-o
2508 2583 2597 2651 V.
2644 2584 2709 2650 S.
2757 2585 3089 2650 collettore
3137 2584 3308 2652 de20

556 2695 713 2759 dittc
762 2703 993 2758 annate
1042 2714 1221 2756 come
1269 2714 1386 2776 per
1430 2691 1492 2753 lo
1539 2690 1794 2774 alligato
1856 2690 2051 2755 breve
2113 2691 2347 2755 vedera
2374 2694 2454 2773 ⁴),
2515 2702 2580 2756 et
2639 2694 2694 2756 si
2754 2700 3053 2757 contenta
3099 2692 3218 2757 che

556 2802 644 2868 V.
693 2801 756 2865 S.
805 2800 884 2865 de
930 2807 1097 2863 tutto
1144 2799 1354 2884 quello
1401 2804 1722 2862 rcscotera
1784 2819 1862 2860 ne
1925 2820 2221 2862 succorra
2279 2798 2383 2862 alli
2432 2798 2683 2884 bisogni
2732 2798 2836 2864 del
2882 2822 2951 2864 re
2998 2808 3219 2864 contra

557 2907 848 2972 l'Inlideli
895 2915 1057 2970 tutte
1103 2906 1161 2969 13
1211 2905 1383 2969 volte
1432 2904 1551 2968 che
1599 2903 1883 2969 iudicara
1929 2927 2106 2968 esser
2152 2907 2546 2984 neeessari0‚
2606 2916 2669 2969 et
2727 2928 2850 2970 non
2899 2928 3017 2992 per
3059 2906 3219 2970 altro

556 3040 691 3096 use,
738 3025 804 3080 ct
849 3024 1073 3101 questo
1120 3015 1175 3077 si
1221 3013 1432 3077 faceia
1477 3036 1593 3097 per
1638 3013 1743 3077 via
1774 3011 1854 3076 de
1887 3011 2189 3076 donativo
2234 3015 2299 3077 in
2332 3013 2421 3077 tal
2467 3012 2656 3100 modo
2703 3013 2823 3077 che
2868 3036 2998 3077 non
3043 3015 3217 3099 possi

703 3193 745 3264 ¹)
784 3193 978 3248 Die-ses
1012 3192 1228 3246 Datum
1260 3191 1430 3258 findet
1465 3192 1584 3247 sich
1618 3191 1733 3257 auf
1761 3192 1861 3246 der
1896 3191 2214 3260 Riickseioe3
2248 3183 2396 3247 ‘tiber‘
2420 3191 2540 3246 dem
2586 3192 2717 3247 Text
2754 3193 2827 3248 ist
2862 3192 2961 3247 der
2996 3195 3066 3246 16
3090 3193 3300 3247 Mai25

558 3284 891 3354 anqeqebem
926 3283 1004 3337 da
1031 3281 1232 3349 jedoch
1268 3282 1358 3335 die
1395 3281 1756 3351 beiyehenden
1791 3281 2011 3335 Brevem
2058 3282 2165 3336 alle
2214 3281 2317 3336 das
2352 3281 2569 3337 Datum
2607 3281 2700 3337 des
2735 3285 2803 3336 17
2839 3282 2968 3336 Mai
3006 3287 3217 3351 trayen,

556 3391 614 3428 so
648 3374 853 3427 mo‘chte
891 3373 1127 3425 letzteres
1164 3371 1508 3425 vorzuziehen
1542 3372 1674 3425 sein.
1748 3371 1981 3426 Marone
2027 3369 2249 3436 freilich
2280 3370 2517 3440 yadenkt
2553 3371 2725 3426 dieses
2760 3371 2979 3437 Brieses
3014 3371 3219 3424 eiamal

559 3465 668 3529 (nr.
706 3464 801 3530 44)
838 3467 1003 3515 anter
1039 3460 1158 3513 dem
1196 3459 1411 3514 Datum
1450 3460 1540 3514 cles
1578 3464 1679 3528 19„
1719 3459 1822 3513 das
1857 3460 2063 3514 andere
2100 3460 2229 3513 Mal
2262 3460 2371 3524 (nr.
2410 3462 2506 3528 45)
2543 3459 2636 3514 des
2672 3465 2739 3513 18
2776 3461 2922 3514 Mai.

703 3549 747 3620 ²)
786 3551 840 3604 S.
868 3567 914 3605 o.
944 3567 1030 3603 m.
1061 3553 1146 3602 31.
1203 3550 1479 3605 Ricalcati
1508 3555 1800 3604 antwortet
1820 3549 1938 3603 hier
1972 3549 2215 3617 tuqleich
2250 3547 2369 3613 atas
2383 3549 2473 3603 die
2499 3566 2613 3604 ππ.
2643 3553 2719 3604 32
2746 3550 2868 3603 und
2904 3553 2991 3617 33,
3028 3550 3213 3604 welche

559 3642 636 3695 im
667 3640 913 3710 yleiehcn
951 3638 1309 3708 Bricfpacket
1344 3639 1444 3692 mit
1483 3656 1567 3692 nr.
1607 3641 1673 3691 31
1709 3638 1985 3704 befordert
2021 3638 2265 3692 wwrden.
3227 3639 3293 3690 30

705 3727 749 3799 ¹)
789 3728 920 3783 Nrr.
960 3732 1047 3782 34.
1086 3731 1171 3782 35.

703 3817 749 3888 ⁴)
789 3817 914 3872 Das
943 3819 1072 3872 betr.
1101 3818 1293 3885 Breve,
1329 3834 1447 3872 vom
1483 3821 1553 3872 17
1577 3817 1706 3871 Mai
1743 3820 1898 3884 1537,
1935 3818 2013 3871 im
2039 3818 2208 3872 Arch.
2245 3818 2367 3871 Vat.
2398 3818 2549 3871 Arm.
2579 3819 2642 3871 41
2678 3817 2799 3872 Vol.
2829 3819 2863 3870 6
2892 3817 2985 3872 sol.
3013 3820 3047 3872 5
3073 3835 3149 3870 nr.
3178 3819 3207 3868 6

559 3909 722 3975 Min„
752 3909 964 3976 besayt:
1001 3907 1299 3977 Cupientes
1327 3907 1673 3962 indemnitati
1701 3924 1770 3961 ac
1798 3907 2221 3962 necessitatibus
2250 3924 2497 3961 camerae
2533 3915 2752 3962 nostrae
2780 3908 3112 3979 apostolicae
3146 3923 3205 3958 cx

554 3995 775 4068 juribus
813 3995 889 4049 illi
930 3994 1129 4050 debitis
1166 3995 1469 4067 providere,
1506 3995 1627 4062 tibi,
1664 3995 1732 4050 de
1771 3998 1930 4066 cujus
1969 3995 2075 4049 fide
2114 3997 2429 4067 integritate
2467 4014 2533 4052 ac
2562 3997 2848 4067 diligentia
2879 3995 3206 4057 confidimus.

561 4103 748 4141 omnes
786 4093 843 4139 et.
880 4084 1126 4156 singulas
1172 4093 1403 4140 33113133
1460 4102 1933 4156 quorumcumque
1989 4087 2437 4140 monasteriorum
2488 4087 2831 4157 prioratuum
2884 4098 2939 4141 et
2990 4088 3203 4140 aliorum
3220 4083 3283 4137 35

562 4172 952 4229 beneficiorum
988 4174 1489 4230 ecclesiasticorum
1540 4176 1829 4229 civitatum
1875 4184 1934 4230 et
1983 4176 2223 4230 locorum
2260 4175 2498 4230 dominio
2545 4176 2834 4246 temporali
2874 4218 2887 4229 .
2929 4219 2941 4229 .
2982 4219 2995 4230 .
3034 4174 3204 4230 Fen-di·

563 4264 728 4319 nandi
767 4263 1135 4318 Romanorum
1174 4282 1240 4318 ac
1281 4263 1600 4334 Hungariae
1637 4273 1694 4318 et
1733 4265 2030 4319 Bohemiae
2067 4266 2213 4336 regis
2252 4265 2324 4318 ill.
2364 4264 2738 4336 subjectorum
2775 4266 2973 4336 quavis
3010 4266 3202 4320 ratione

563 4354 647 4408 vel
685 4371 854 4409 causa
891 4355 1054 4408 311331
1112 4354 1370 4407 unionum
1422 4363 1815 4423 perpetuarum
1864 4362 1962 4408 aut
2009 4354 2146 4408 alias
2195 4354 2604 4425 quomodolibet
2652 4354 2871 4409 debitas
2921 4365 3103 4410 nostro
3154 4360 3205 4408 et

562 4445 804 4515 ejusdem
845 4443 1427 4498 camerae-nominibus
1456 4443 1676 4512 petendi
1715 4445 1966 4514 exigendi
2004 4451 2061 4497 et
2097 4444 2453 4515 recuperandi
2492 4450 2549 4498 et
2583 4444 2652 4498 de
2689 4445 2897 4499 exactis
2936 4442 3201 4517 qnietandi

564 4536 888 4604 illarumque
938 4532 1212 4586 debitores
1252 4576 1262 4587 .
1306 4575 1316 4585 .
1361 4575 1370 4586 .
1419 4533 1489 4586 ad
1547 4533 1763 4587 illarum
1819 4534 2141 4588 solutionem
2197 4532 2301 4587 tibi
2363 4532 2673 4588 faciendam
2712 4574 2723 4587 .
2765 4575 2776 4586 .
2819 4574 2831 4587 .
2870 4533 3118 4588 monendi
3152 4531 3280 4585 3140

565 4624 872 4694 requirendi
916 4665 924 4675 .
967 4664 976 4673 .
1022 4663 1033 4675 .
1072 4623 1285 4692 plenam
1325 4630 1382 4676 et
1420 4622 1646 4676 liberam
1683 4622 1988 4692 apostoliea
2023 4623 2353 4677 auctoritate
2391 4630 2579 4677 tenore
2615 4624 2985 4694 praesentium
3025 4638 3200 4678 eonce-

563 4711 742 4768 dimus
778 4712 1117 4766 facultatem.
1160 4752 1170 4764 .
1211 4754 1222 4766 .
1265 4752 1276 4764 .
