3500 5300
1184 356 1285 412 No.
1321 357 1491 413 3—4:
1531 358 1671 413 1536
1706 356 1942 412 Oktober
1975 358 2063 413 24.
2889 356 2964 418 ὦ

284 556 564 634 certent3
624 558 688 616 et
745 553 797 617 si
852 551 936 618 ab
994 552 1206 640 aliquo
1263 551 1430 619 illius
1487 555 1764 642 regionis
1822 555 1904 620 ad
1951 561 2171 642 potum
2233 555 2313 620 de
2373 576 2548 620 more
2592 555 2957 637 invitentur,
3038 555 3180 609 1536

287 655 471 722 hilari
532 660 789 745 quidem
851 659 1032 725 vultu
1088 668 1419 747 acceptare
1480 683 1545 726 se
1598 661 1846 749 fingant
1904 663 2370 745 invitationem,
2432 661 2542 726 sed
2588 663 2656 726 in
2701 684 2957 749 respon·
2983 626 3105 682 ΟΜ·
3141 627 3218 680 24

285 762 496 829 dendo
542 765 803 830 modum
848 789 977 832 non
1023 767 1357 850 excedant,
1405 791 1484 832 ne
1528 769 1595 833 id
1641 769 1802 833 forte
1847 767 1997 833 mali
2042 767 2165 833 illis
2193 768 2443 834 accidat
2487 767 2659 855 quod
2702 768 2957 834 cuidam

282 868 479 934 nobili
540 870 781 938 Saxoni
838 875 1187 939 camerario
1246 882 1486 940 secreto
1550 875 1874 963 quondam
1933 873 2165 941 Leonis
2208 876 2293 941 X.
2333 876 2411 942 fe.
2460 897 2549 940 re.
2581 876 2653 961 ¹),
2715 876 2828 963 qui
2872 874 2957 942 ab

220 994 261 1047 5
281 999 356 1042 eo
405 976 489 1043 ob
536 977 931 1046 lutheranam
978 1003 1238 1046 causam
1279 982 1788 1073 componendam
1834 984 1899 1047 in
1931 982 2279 1049 Saxoniam
2325 983 2550 1047 missus
2594 981 2660 1046 id
2708 990 2955 1047 tantum

279 1085 525 1151 fructus
569 1090 916 1173 reportavit
961 1087 1131 1175 quod
1179 1110 1366 1175 saepe
1411 1087 1820 1176 perturbatus
1865 1091 2016 1154 vino
2077 1112 2154 1154 ea
2213 1089 2461 1153 effutire
2507 1088 2587 1153 de
2645 1088 2958 1175 pontefice

279 1201 345 1256 et
388 1193 678 1259 Romana
734 1196 911 1260 curia
957 1193 1322 1261 Saxonibus
1366 1194 1807 1278 inducebatur,
1868 1219 1997 1265 non
2054 1197 2245 1262 modo
2304 1218 2468 1283 quae
2525 1195 2696 1261 facta
2758 1202 2956 1277 erant,

279 1300 390 1365 sed
438 1322 601 1387 quae
644 1302 767 1389 ipsi
811 1325 848 1367 e
895 1300 1099 1367 malae
1143 1303 1211 1366 in
1259 1323 1374 1366 nos
1419 1304 1648 1368 mentis
1680 1303 1913 1368 affectu
1959 1301 2475 1388 imaginabantur
2519 1309 2583 1367 et
2629 1302 2956 1389 optabant,

278 1414 344 1472 et
388 1430 465 1473 ea
510 1410 724 1473 omnia
769 1410 1017 1497 scriptis
1061 1410 1448 1496 excipientes
1507 1417 1726 1496 postca
1785 1411 1851 1475 in
1912 1417 2228 1475 conventu
2274 1410 2729 1475 Wormatiensi
2772 1407 2957 1474 nobis

180 1530 260 1584 10
276 1513 537 1601 publice
586 1538 796 1581 coram
847 1524 979 1582 tota
1024 1515 1373 1582 Germania
1417 1515 1911 1604 exprobrabant.

458 1622 587 1689 Sed
632 1623 926 1690 omnibus
969 1623 1067 1689 his
1112 1622 1296 1689 malis
1357 1632 1420 1689 et
1478 1621 2067 1690 inconvenientibus
2113 1623 2406 1688 dominus
2451 1623 2723 1689 nuncius
2769 1621 2954 1689 facile

276 1729 537 1796 obviam
582 1730 702 1796 ibit
746 1729 1038 1818 exemplo
1087 1730 1394 1797 bonorum
1458 1754 1704 1796 morum
1766 1754 2021 1797 suorum
2085 1730 2397 1818 solitaque
2456 1753 2571 1795 sua
2615 1730 2952 1817 prudentia

273 1845 340 1902 et
383 1838 790 1922 dexteritate,
851 1860 1042 1925 quam
1090 1840 1142 1902 si
1187 1836 1533 1925 praestabit
1576 1839 1642 1902 in
1690 1837 1813 1901 hac
1859 1845 1989 1902 tam
2036 1838 2239 1903 ardua
2283 1836 2431 1901 fidei
2478 1859 2702 1919 causa,
2769 1838 2954 1902 sicuti

274 1945 506 2009 Sanum·
552 1943 868 2010 Dominus
913 1944 1142 2010 Noster
1201 1945 1280 2010 de
1337 1968 1411 2010 eo
1458 1952 1699 2032 sperat,
1763 1953 2016 2031 praeter
2062 1948 2354 2010 meritum
2413 1944 2587 2031 apud
2634 1943 2844 2009 Deum
2889 1952 2952 2009 et

178 2064 254 2119 15
272 2051 450 2138 apud
494 2050 778 2116 homines
822 2051 1125 2117 honorem
1173 2075 1361 2140 quem
1409 2075 1663 2139 sperare
1709 2050 1932 2135 habet,
1997 2053 2226 2139 poterit
2285 2053 2472 2117 etiam
2519 2052 2667 2138 jure
2727 2052 2949 2116 merito

273 2159 357 2223 de
414 2158 781 2225 Sanctitatis
839 2159 1008 2226 Suae
1084 2159 1472 2246 gratitudine
1548 2167 1613 2224 et
1686 2158 2075 2245 benignitate
2151 2157 2272 2223 sibi
2338 2158 2612 2245 majores
2681 2157 2950 2223 honores

272 2266 643 2355 majoraque
687 2267 972 2354 praemia
1016 2266 1314 2354 polliceri.

271 2466 346 2530 4.
435 2463 915 2546 Autaeichmuny
961 2499 1049 2512 -
1092 2484 1239 2530 zum
1297 2462 1653 2530 Unterricht
1693 2463 1805 2544 fiir
1850 2463 1971 2525 den
2019 2462 2309 2526 Nuntius
2353 2461 2618 2527 Marone
2667 2500 2741 2509 —
2796 2463 2946 2528 iiber
2970 2459 3089 2516 Olet.
3126 2465 3200 2516 24

269 2570 374 2634 die
448 2570 775 2636 kirchliche
841 2571 1122 2654 Stellunq
1191 2571 1302 2634 der
1378 2570 1799 2634 vomwlmzsten
1861 2569 2220 2653 yeistlichen
2301 2569 2438 2633 und
2503 2570 2945 2652 Laienfiirsten

172 2691 251 2745 20
274 2679 766 2758 Deutschlands;
796 2678 1208 2761 Aufzdhluny
1239 2679 1350 2743 der
1378 2678 1958 2760 hervorrayendsten
1986 2677 2423 2758 Schriftsteller
2451 2678 2588 2741 und
2620 2677 2946 2743 Gelehrten

267 2788 400 2868 auf
450 2786 854 2852 katholischer
912 2786 1050 2849 und
1100 2786 1517 2869 yeynetdsclaer
1560 2783 1726 2851 Seite
1769 2786 1888 2849 mit
1947 2785 2207 2867 Anyabe
2249 2785 2417 2847 ihre-s·
2469 2783 2942 2866 Autenthaltes;

284 2893 616 2976 Wamuny
682 2914 789 2957 vor
855 2891 1023 2957 allen
1088 2893 1403 2973 schroffcm
1462 2893 1799 2974 Aufereten
1851 2913 2037 2975 yeyen
2103 2892 2203 2955 die
2262 2891 2507 2955 Ketzer.
2597 2891 2735 2978 [ad
2775 2895 2943 2956 1536

276 3000 534 3067 Oktober
576 3003 667 3067 24
713 3000 877 3065 Rom
874 3001 939 3086 ].

413 3127 537 3181 Aue
571 3126 730 3193 Rom,
772 3125 935 3180 Arch.
981 3124 1104 3179 Vat.
1135 3123 1288 3178 Arm.
1329 3125 1399 3179 64
1436 3124 1555 3178 Vol.
1587 3126 1615 3178 1
1655 3123 1748 3179 fol.
1782 3124 2083 3191 191-193‚
2120 3121 2479 3190 Rem-schrift,
2516 3141 2625 3178 von
2664 3123 2941 3179 dev-selben

170 3222 245 3277 25
484 3216 664 3270 Hand
698 3216 798 3270 wie
844 3231 931 3268 nr.
969 3217 1042 3282 23
1097 3215 1174 3268 im
1211 3215 1407 3268 letzten
1442 3214 1651 3267 Absatz
1687 3214 1866 3282 einiye
1902 3211 2286 3267 Korrekturen
2334 3211 2457 3264 wnd
2493 3213 2781 3283 Rasurem
2837 3230 2938 3267 an-

480 3305 772 3360 scheinend
810 3303 1070 3359 dudm-ch
1106 3299 1423 3372 veranlasst,
1461 3299 1582 3371 dast
1619 3302 1715 3355 der
1750 3298 2168 3356 Reinschreiber
2203 3300 2350 3354 seins
2390 3300 2619 3370 Vorla9e
2654 3304 2810 3358 nicht
2838 3304 2938 3358 hat

484 3396 629 3449 lesen
673 3395 908 3449 konnen.
961 3422 1027 3433 -
1079 3393 1464 3461 Gleichzeitiye
1499 3390 1787 3456 Abschrift
1835 3389 2004 3458 Rom,
2051 3389 2204 3444 Bibl.
2265 3390 2385 3444 Vat.
2435 3388 2566 3445 cod.
2617 3390 2745 3445 Vat.
2795 3393 2936 3447 3915

480 3483 574 3539 fol.
619 3484 914 3539 loo—102.
954 3512 1018 3523 —
1058 3481 1512 3551 Entsprechende
1548 3479 1976 3548 Aufzeichnuny
2013 3479 2108 3545 Ιὶὶν
2145 3496 2256 3534 van
2292 3478 2390 3533 der
2433 3479 2596 3533 Vorst
2632 3478 2765 3534 cod.
2804 3479 2932 3533 Vat.

480 3573 621 3629 3915
658 3572 751 3628 fol.
788 3572 1031 3627 46—52:
1067 3571 1219 3643 qedr.
1259 3570 1326 3625 dc
1360 3569 1508 3625 Ram
1543 3570 1710 3625 Doce.
1745 3585 1875 3638 pay.
1910 3572 2205 3625 255—261
2239 3586 2329 3624 nr.
2366 3572 2417 3623 4.

169 3715 245 3769 30
693 3695 1035 3784 Oatalogus
1079 3702 1142 3762 et
1187 3695 1464 3761 conditio
1508 3694 1864 3781 aliquorum
1910 3692 2337 3780 praelatorum

691 3813 755 3868 et
797 3805 1140 3891 insignium
1186 3802 1546 3890 principum
1591 3799 1977 3866 Germaniae
2004 3802 2078 3888 ²).

444 3911 655 3977 Ser¹¹¹¹¹⁸
695 3910 1125 3977 Romanorum
1173 3918 1288 3976 etc.
1333 3932 1481 3975 rex:
1529 3906 1893 3974 catholicus.

442 4018 598 4083 Ru·
654 4018 952 4084 dominus
996 4016 1334 4085 cardinalis
1379 4014 1917 4102 saltzburgensis:
1967 4013 2172 4081 bonus
2198 4013 2274 4102 ³).

441 4126 598 4191 Rm·
652 4125 947 4191 dominus
1004 4125 1344 4191 cardinalis
1389 4124 1802 4211 Moguntinus
1859 4122 2091 4188 elector
2148 4122 2458 4187 decanus:
2521 4120 2756 4205 bonus,
2818 4121 2930 4187 sed

171 4312 244 4366 35
410 4305 453 4376 ¹)
491 4306 646 4362 Karl
679 4323 789 4362 von
825 4306 1048 4361 Miltia.

405 4394 453 4466 ¹)
491 4397 596 4450 Rei
632 4395 732 4450 der
765 4395 1172 4464 Beurtheilwnq
1208 4394 1478 4448 mehrerer
1517 4393 1752 4448 Farsten
1792 4391 2017 4458 dar-lien
2052 4392 2145 4446 die
2173 4390 2637 4459 Beobachtunyen
2673 4389 2767 4444 des
2799 4390 2926 4444 Ver·

257 4487 412 4556 aerio
456 4502 529 4540 zu
576 4485 809 4540 Grande
850 4486 1025 4554 yeleyt
1071 4484 1295 4538 worden
1342 4485 1462 4538 sein
1511 4483 1576 4548 (z.
1628 4482 1697 4536 B.
1748 4482 1834 4536 bei
1883 4480 2409 4549 Kurbrandenbury
2455 4479 2578 4533 und
2626 4478 2938 4548 Marquaf

264 4575 467 4644 (ἔθου-9)
480 4594 499 4642 ,-
535 4575 767 4630 anderes
798 4575 926 4644 ycht
962 4574 1068 4628 wol
1101 4572 1218 4638 auf
1243 4571 1550 4626 Alcanders
1587 4573 1772 4641 eiyene
1822 4571 2338 4639 Wahmhmunyen
2372 4569 2579 4624 zurack
2615 4569 2680 4634 (z.
2712 4567 2781 4621 B.
2807 4583 2922 4621 was

260 4665 395 4718 ebor
429 4663 698 4732 Spalatin
733 4662 970 4717 bemerkt
1004 4662 1116 4730 ist).

174 4756 245 4811 40
406 4751 454 4822 ⁸)
494 4752 645 4807 Eae'me
698 4751 821 4807 dem
877 4750 1153 4806 Cardinal
1201 4757 1369 4806 anter
1422 4749 1546 4805 dem
1598 4751 1633 4803 5
1681 4749 1856 4818 April
1903 4748 2178 4818 yewcihrte
2231 4748 2563 4817 Proroqatio
2627 4744 2921 4813 facultatis

369 4858 995 4908 Nunti-turbatione.
1025 4861 1141 4900 orato
1170 4857 1455 4908 Amonnnss.
1486 4856 1564 4898 sa.
1594 4857 1653 4897 11.
2460 4838 2495 4891 5
