3500 5300
1108 394 1208 449 No.
1247 396 1482 450 90-91:
1524 396 1662 450 1538
1698 395 1804 449 Mai
1842 396 2053 451 2.-10.
2806 392 2915 454 285

261 589 596 655 medesime
653 591 896 675 regioni
956 590 1115 655 eh’io
1176 592 1384 655 serissi
1445 614 1524 656 ne
1587 591 1791 658 l'altra
1848 594 2161 679 petitione.
2253 594 2315 657 vi
2362 594 2400 658 e
2445 592 2536 657 sol
2581 600 2800 679 questo
2846 592 2912 656 di
2968 593 3108 674 15:3²8

261 699 371 785 piu
418 697 533 763 che
576 696 638 761 la
682 707 969 783 presente
1028 698 1322 763 riehiesta
1368 699 1404 762 e
1448 701 1614 763 assai
1675 702 1786 786 piu
1848 699 2174 764 moderata
2235 709 2297 764 et
2354 700 2617 765 honesta
2661 708 2724 764 et
2769 721 2910 764 eon·
2931 662 3057 717 Μαι
3093 668 3133 717 2

261 812 442 869 sueta
498 804 577 869 de
632 804 851 888 l’altra.
955 828 1070 891 per
1138 812 1313 869 tanto
1376 805 1606 872 Nostro
1669 807 1934 892 Signore
1993 806 2261 872 facendo
2320 806 2528 893 quello
2586 808 2631 872 li
2688 808 2915 892 parere

262 912 654 998 expediente,
700 914 883 998 poti-{2
928 913 1128 976 solum
1192 911 1506 978 advertire
1563 916 1630 977 in
1690 911 1753 977 la
1814 914 2218 1000 deputatione
2274 913 2422 979 delli
2482 914 2909 996 commissarii,

209 1019 518 1107 5quando
564 1019 689 1084 faci
733 1020 821 1084 tal
866 1021 1072 1104 gratia
1115 1043 1156 1084 a
1202 1019 1331 1084 Sua
1370 1020 1634 1100 Maesti»,
1682 1020 1850 1108 quali
1900 1022 2073 1086 siano
2120 1043 2385 1108 persone
2427 1021 2653 1085 idonee
2697 1029 2760 1085 et
2804 1043 2913 1085 vo-

262 1125 473 1212 gliano
519 1124 635 1191 che
680 1128 880 1214 questi
928 1127 1147 1191 denari
1194 1129 1368 1192 siano
1400 1129 1733 1192 eonvertiti
1779 1130 1845 1191 in
1893 1127 2201 1193 beneficio
2247 1128 2312 1193 di
2357 1135 2577 1215 questa
2622 1130 2913 1214 impresa,

263 1256 388 1298 non
434 1235 500 1297 in
544 1235 775 1319 privati
822 1236 946 1316 usi,
994 1256 1173 1300 come
1217 1235 1474 1300 intendo
1534 1235 1603 1299 fu
1664 1236 1821 1299 fatto
1883 1234 1943 1299 al
2001 1243 2210 1322 tempo
2271 1235 2335 1299 di
2382 1258 2547 1322 papa
2594 1234 2915 1300 Clemente

262 1341 326 1405 di
373 1338 542 1405 bona
588 1342 922 1420 memoria,
980 1341 1233 1427 quando
1294 1343 1519 1407 fui-ono
1579 1341 1832 1407 alienati
1889 1341 1936 1406 li
1995 1341 2143 1407 beni
2187 1342 2268 1407 de
2314 1342 2546 1407 chiesia
2589 1345 2654 1406 in
2701 1349 2916 1429 queste

262 1449 443 1534 parti.

170 1560 243 1613 10
438 1554 518 1619 Li
566 1556 725 1619 avisi
772 1555 937 1620 della
982 1565 1219 1621 venuta
1265 1555 1365 1621 del
1407 1557 1617 1621 Tureo
1665 1580 1848 1622 verso
1883 1557 2209 1643 Hongeria
2255 1579 2420 1621 vano
2469 1555 2915 1638 continuandO,

260 1670 324 1727 et
368 1660 632 1727 l'ultimo
693 1663 807 1728 che
868 1665 915 1727 si
976 1663 1061 1728 ha
1117 1663 1181 1728 di
1230 1663 1528 1750 Sempthe
1560 1667 1609 1745 ¹)
1674 1663 1780 1727 alli
1843 1675 1926 1730 20
1974 1663 2267 1750 d’aprile,
2328 1665 2364 1726 e
2431 1662 2572 1727 eh'il
2633 1664 2915 1750 predetto
2938 1662 3075 1730 APY·
3113 1664 3191 1716 20

262 1770 474 1834 Turco
522 1768 725 1834 havea
770 1770 1065 1835 mandato
1119 1771 1226 1835 dui
1288 1773 1473 1835 messi
1522 1772 1613 1834 soi
1661 1795 1702 1835 a
1747 1770 1930 1834 Buda
1976 1793 2091 1856 per
2135 1772 2445 1835 ritrovare
2493 1769 2536 1834 il
2583 1769 2915 1856 Vayvoda‚

263 1876 412 1963 qual
459 1877 797 1941 attendeva
844 1900 883 1940 a
928 1877 1219 1960 fornirla,
1266 1887 1328 1941 et
1373 1876 1771 1941 dimandarla
1819 1876 2025 1964 (come
2071 1877 2167 1941 lor
2213 1876 2467 1958 dieano)
2513 1900 2625 1963 per
2671 1877 2733 1941 la
2779 1900 2914 1964 pei·-

265 2006 418 2048 sona
462 1981 564 2048 del
598 1984 860 2069 Signore
969 1984 1013 2047 il
1061 1983 1378 2071 Vayvoda
1424 1985 1701 2070 sapendo
1748 1985 1900 2047 forsi
1945 1984 2009 2048 la
2053 1992 2290 2048 venuta
2335 1984 2414 2049 de
2463 1986 2666 2072 questi
2712 1985 2915 2066 messi,

169 2094 244 2148 15
265 2089 472 2156 subito
519 2092 571 2155 si
616 2092 781 2177 parti
830 2114 1017 2155 senza
1047 2090 1363 2177 espettarli
1394 2100 1455 2155 et
1487 2115 1552 2156 se
1583 2092 1643 2155 n'
1676 2092 1711 2156 e
1744 2091 1978 2155 andato
2010 2092 2076 2154 in
2110 2089 2572 2173 Transilvania‚
2620 2101 2683 2156 et
2713 2092 2917 2178 questi

264 2200 447 2262 messi
496 2197 737 2262 dettero
784 2198 1001 2262 ordine
1048 2198 1161 2262 che
1208 2197 1270 2262 la
1315 2209 1484 2263 terra
1541 2199 1707 2263 fusse
1754 2197 1878 2262 ben
1926 2198 2227 2263 mondata
2269 2205 2334 2262 et
2377 2200 2695 2285 preparati
2740 2196 2786 2262 li
2829 2198 2917 2262 al-

264 2304 627 2391 logiamenti
686 2312 750 2370 et
794 2306 1000 2369 fecero
1063 2305 1233 2369 eride
1281 2304 1396 2369 che
1443 2327 1569 2370 non
1615 2305 1784 2369 fusse
1830 2303 2090 2391 tagliato
2150 2306 2231 2370 ne
2290 2304 2611 2391 pascolato
2669 2305 2714 2370 il
2773 2306 2916 2370 feno

264 2413 345 2476 ne
392 2411 595 2476 alcun’
654 2412 817 2476 altra
875 2435 1021 2476 cosa
1080 2435 1195 2498 per
1262 2421 1356 2476 tre
1425 2412 1606 2497 leghe
1653 2412 2043 2499 d'Hongeria
2102 2412 2352 2477 intorno
2398 2413 2602 2495 Buda,
2649 2421 2712 2478 et
2748 2435 2914 2477 vano

265 2518 637 2603 seguitando
683 2518 726 2583 il
773 2520 931 2584 ditto
964 2519 1295 2605 Vayvoda.
1387 2522 1438 2582 si
1485 2520 1670 2585 erede
1717 2519 1833 2585 che
1879 2545 2005 2587 non
2050 2520 2095 2584 li
2142 2520 2299 2585 dare
2329 2520 2516 2584 Buda
2560 2542 2672 2605 per
2716 2542 2919 2584 essere

167 2624 328 2691 2019,
374 2625 599 2690 ehiave
645 2634 707 2691 et
766 2625 1075 2714 principal
1138 2629 1291 2693 citt&
1337 2627 1400 2692 di
1447 2626 1589 2715 quel
1639 2652 1865 2713 regnO,
1936 2629 2096 2694 assai
2159 2626 2282 2693 ben
2329 2629 2604 2708 munita,
2675 2636 2740 2693 et
2805 2650 2920 2714 per

266 2743 486 2821 questo
532 2733 741 2798 effetto
771 2735 1050 2799 l'andata
1097 2733 1175 2797 de
1222 2735 1587 2820 monsignor
1616 2733 1955 2799 Lundense
2002 2743 2247 2799 oratore
2280 2735 2549 2800 Cesareo
2583 2737 2726 2799 sarh
2757 2742 2921 2800 stata

271 2847 625 2926 opportuna
687 2863 801 2926 per
861 2841 1234 2907 confirmare
1293 2842 1451 2906 ditto
1497 2842 1830 2928 Vayvoda.
1923 2865 2029 2906 ma
2087 2865 2151 2906 se
2211 2865 2509 2907 avenesse
2567 2841 2920 2906 altrimente

269 2955 332 3011 et
375 2946 490 3011 che
536 2946 578 3010 il
626 2947 836 3012 Turco
896 2949 1062 3013 fusse
1108 2957 1370 3035 patrone
1426 2949 1491 3013 di
1540 2949 1753 3029 Buda,
1816 2972 1941 3013 non
2002 2949 2133 3015 solo
2180 2949 2460 3032 Vienna,
2508 2972 2612 3013 ma
2660 2955 2817 3013 tutte
2862 2947 2921 3013 le

268 3054 424 3119 altre
470 3056 795 3140 provincie
840 3054 906 3118 di
953 3063 1171 3142 questo
1219 3056 1402 3121 Ser¹¹¹⁰
1451 3078 1517 3119 re
1564 3054 1911 3120 sarebbeno
1960 3057 2023 3119 in
2069 3055 2487 3141 grandissimo
2533 3054 2822 3141 perit-,olo

171 3163 249 3217 25
448 3161 661 3246 Hoggi
708 3163 757 3225 si
795 3164 1104 3226 eomineia
1149 3161 1210 3226 la
1255 3170 1429 3226 tei-za
1473 3162 1642 3227 dieta
1688 3163 1756 3227 di
1802 3164 2003 3250 questi
2035 3163 2272 3247 signori
2301 3161 2563 3226 Bohemi
2591 3164 2663 3247 ²),
2709 3161 2920 3226 l'exito

270 3266 435 3331 della
481 3266 666 3354 quale
713 3268 748 3332 e
796 3268 1073 3333 anchora
1117 3271 1390 3350 ineertO,
1448 3277 1511 3334 et
1554 3278 1712 3333 tutte
1758 3269 1816 3334 le
1862 3270 2020 3334 altre
2080 3270 2454 3356 provisioni,
2514 3276 2923 3355 quantunque

271 3373 402 3439 Sua
448 3374 694 3439 Maesth
738 3374 980 3439 solicita
1025 3384 1262 3462 quanto
1307 3377 1468 3463 pub,
1524 3376 1850 3441 andarano
1896 3378 2047 3463 pero
2093 3376 2286 3441 tarde.
2379 3377 2458 3440 ne
2505 3374 2665 3440 altro
2712 3397 2921 3440 occor-

269 3481 465 3545 rendo
512 3483 578 3545 in
624 3480 793 3546 bona
836 3483 1044 3567 gratia
1088 3488 1191 3547 ete.

447 3587 536 3652 Di
582 3588 794 3674 Praga
838 3589 947 3653 alli
995 3601 1031 3655 2
1081 3591 1146 3654 di
1191 3591 1446 3676 maggio
1500 3601 1682 3657 1538.
2941 3589 3068 3643 Mai
3101 3592 3141 3642 2

168 3847 252 3901 30
272 3836 379 3903 91.
470 3835 734 3901 Morene
791 3860 880 3901 an
925 3840 1237 3904 Farnese:
1288 3839 1709 3923 Bewilliywzy
1767 3862 1881 3905 von
1937 3841 2361 3906 zehntausend
2417 3842 2924 3906 Landsknechten
2941 3839 3068 3893 Mai
3105 3842 3177 3892 10

270 3964 360 4006 an
403 3943 505 4006 die
552 3942 859 4024 qublik
918 3946 1182 4027 Venaliy
1225 3947 1451 4011 seitens
1494 3948 1603 4011 der
1650 3947 1925 4029 Herzoye
1967 3969 2086 4011 von
2129 3946 2381 4011 Baiem
2435 3948 2563 4029 auf
2595 3949 2922 4013 Ersuehen

271 4049 467 4113 durch
512 4050 632 4114 den
679 4050 970 4115 Sekretc'ir
1018 4051 1317 4118 cavazza.
1411 4054 1657 4118 Frende
1688 4055 1772 4118 K.
1818 4053 1890 4118 F
1882 4054 2239 4131 erdinamk,
2285 4055 2414 4137 dafl
2458 4055 2780 4137 ‹leryestalt
2823 4056 2924 4119 die

280 4156 655 4239 fflrkenliya
712 4158 784 4221 in
830 4159 1029 4239 Kraft
1095 4165 1261 4224 trete.
1358 4161 1670 4243 Beschlzfi
1726 4161 1836 4224 der
1879 4160 2164 4225 Bohmen
2209 4161 2286 4225 H
2283 4160 2386 4241 ilfe
2443 4183 2526 4227 zu
2578 4163 2922 4244 yewc'ihren.

272 4263 530 4329 Absicht
572 4264 678 4328 des
721 4264 967 4347 Kimoe‘qs
1023 4267 1152 4329 sich
1212 4268 1373 4332 nach
1420 4267 1707 4343 Sachsen,
1770 4268 2052 4345 Lau-site,
2116 4267 2427 4333 Schlesien
2469 4270 2606 4332 zmd
2647 4271 2737 4334 M
2730 4269 2926 4333 (ihren

170 4378 253 4437 35
270 4392 354 4437 zu
398 4371 661 4452 beqebem
706 4394 816 4435 um
846 4373 1082 4437 &berall
1110 4374 1178 4437 H
1181 4375 1289 4455 ilfe
1330 4396 1413 4439 zu
1441 4375 1738 4439 heischen.
1835 4375 2367 4457 Parallelyehende
2411 4377 2926 4459 Verhandlunyen

273 4476 605 4560 salzburys
648 4478 931 4543 Baierns
975 4502 1036 4544 u.
1083 4483 1164 4545 A.
1210 4502 1293 4547 zu
1346 4483 1757 4565 Reqensbury.
1853 4482 2177 4565 Hoffnuny
2235 4483 2329 4547 bis
2381 4483 2572 4547 Mitte
2618 4484 2763 4549 Juli
2821 4484 2926 4549 ein

420 4691 463 4761 ¹)
501 4693 730 4763 Sempte,
769 4694 996 4749 (leutsch
1031 4696 1319 4764 Schintau,
1356 4697 1434 4751 im
1469 4696 1840 4766 umori-seben
1878 4694 2118 4753 Comitat
2157 4696 2391 4753 Neutra.

418 4781 464 4853 ²)
502 4782 558 4838 S.
595 4785 729 4838 oben
764 4800 849 4838 nr.
887 4790 976 4841 83.
