3500 5300
1285 373 1382 428 No,
1421 374 1520 429 48:
1564 375 1695 429 1537
1733 374 1844 428 Juli
1882 377 1932 429 6.
2835 374 2935 435 187

456 568 519 633 A
565 571 774 655 questi
818 570 1025 655 giomi
1072 570 1310 655 passati
1356 570 1404 634 il
1447 570 1577 635 Β,Ιιιιο
1625 569 2088 656 salzburgense
2148 577 2438 636 convoco
2493 576 2642 637 tutti
2702 573 2748 637 li
2794 595 2939 638 ves·
2993 577 3133 658 1537

278 679 425 742 covi
470 679 567 741 soi
613 675 993 760 suffraganei
1040 698 1153 762 per
1198 675 1514 741 deliberar
1558 700 1750 764 sopra
1796 678 1840 741 il
1877 678 2172 757 concili0‚
2217 687 2284 742 et
2312 687 2533 743 contra
2575 679 2620 742 il
2652 689 2937 744 costume
2956 646 3078 699 ’Μὴ
3117 650 3152 698 6

277 783 491 868 d'ogni
535 783 762 848 sinodo
810 785 1060 868 privato
1105 789 1378 868 procuro
1424 784 1543 848 che
1590 784 1801 849 alcuni
1849 787 2124 871 principi
2171 785 2238 850 di
2271 784 2616 851 Germania
2651 789 2716 850 vi
2762 809 2937 851 man-

276 890 536 957 dassem
583 889 1074 969 ambasciadori,
1135 899 1199 954 et
1256 889 1456 955 anche
1517 899 1776 956 ottenne
1835 891 1919 956 da
1964 902 2193 978 questo
2239 892 2426 958 serm
2473 916 2539 957 re
2586 894 2705 958 che
2752 896 2817 958 vi
2863 894 2935 958 fu

219 1013 255 1068 5
274 997 574 1063 mandato
631 998 678 1061 il
738 997 987 1062 dottore
1052 1006 1117 1061 et
1150 996 1569 1083 *predicatore
1627 997 1694 1061 di
1752 996 2035 1084 Inspruk
2094 999 2243 1085 qual
2306 1002 2359 1064 si
2420 1000 2669 1065 chiama
2712 1000 2938 1065 doctor

275 1103 502 1170 Gallus
547 1104 943 1183 Mina-anus,
987 1104 1135 1189 qual
1182 1103 1265 1168 ha
1308 1104 1548 1168 havuto
1608 1105 1749 1169 loco
1811 1105 1878 1169 di
1941 1105 2199 1171 solenne
2245 1105 2721 1172 ambasciadore
2755 1112 2814 1190 ¹).
2875 1116 2938 1171 et

273 1222 500 1299 questo
548 1210 736 1278 Ser¹¹²⁰
781 1234 849 1275 re
895 1209 1127 1275 mando
1174 1211 1384 1274 alcuni
1430 1212 1677 1276 articuli
1740 1213 1863 1277 che
1908 1214 1962 1277 si
2010 1212 2447 1300 disputassem
2493 1214 2596 1279 nel
2643 1213 2935 1300 predetto

272 1318 498 1385 sinodo
513 1369 531 1400 ,
587 1317 914 1398 accioche,
972 1340 1151 1383 come
1213 1317 1344 1383 Sua
1387 1318 1641 1383 Maesta
1696 1317 1868 1384 m’ha
1924 1319 2102 1385 detto
2121 1369 2137 1400 ‚
2197 1330 2530 1407 potessero
2578 1322 2795 1386 venire
2839 1323 2936 1386 in-

272 1430 488 1492 strutti
534 1426 594 1492 al
640 1426 935 1492 concili0.
1024 1448 1130 1489 ma
1187 1434 1416 1511 questo
1477 1448 1594 1490 suo
1656 1425 2135 1492 ambasciadore
2196 1427 2660 1514 trappassando
2721 1427 2780 1493 le
2827 1450 2936 1492 co-

179 1550 253 1604 10
271 1535 559 1599 missioni
604 1533 689 1597 ha
732 1540 1074 1618 procurato
1135 1532 1254 1596 che
1313 1554 1443 1596 non
1500 1532 1636 1598 solo
1692 1532 1781 1596 s'e
1826 1531 2152 1619 disputato
2212 1556 2402 1619 sopra
2461 1533 2622 1599 detti
2668 1535 2935 1614 articuli,

270 1663 376 1706 ma
419 1640 697 1705 anchora
741 1641 920 1726 quasi
967 1639 1270 1703 concluso
1318 1661 1441 1704 con
1485 1638 1911 1724 grandissimo
1971 1640 2256 1724 pericolo
2303 1649 2368 1704 et
2414 1640 2733 1707 scandalo.
2825 1642 2934 1707 ha-

270 1746 482 1814 vendo
528 1747 880 1834 presentito
928 1755 1155 1832 questo
1215 1745 1300 1811 ho
1361 1755 1624 1832 pregato
1671 1745 1804 1811 Sua
1847 1746 2099 1811 Maesta
2158 1748 2410 1813 volesse
2465 1749 2650 1813 fanni
2708 1772 2931 1835 sapere

270 1864 437 1920 tutto
484 1862 712 1940 questo
758 1861 1018 1918 trattato
1067 1861 1131 1917 et
1177 1851 1377 1917 dai-mi
1423 1854 1484 1917 lc
1532 1855 1847 1918 scritture.
1940 1852 2070 1917 Sua
2115 1854 2368 1919 Maesta
2413 1854 2496 1920 ha
2539 1858 2819 1942 promiso
2866 1856 2930 1921 di

269 1961 432 2028 farlo
480 1970 546 2027 et
589 1961 673 2025 ha
716 1961 881 2025 fatto
938 1959 1178 2045 grande
1239 1962 1641 2025 escusatione
1698 1960 1819 2025 che
1878 1960 2091 2046 quello
2137 1961 2389 2026 dottore
2443 1962 2525 2026 ha
2581 1986 2840 2028 cccesso
2887 1963 2931 2027 li

172 2084 248 2139 15
268 2071 520 2134 termini
589 2078 656 2133 et
721 2067 841 2133 che
899 2066 1030 2132 Sua
1074 2067 1329 2132 Maesta
1385 2089 1512 2130 non
1571 2066 1656 2132 ha
1699 2067 1888 2154 colpa
1948 2076 2014 2132 et
2056 2068 2197 2132 fara
2242 2067 2569 2134 intendere
2613 2071 2676 2134 la
2720 2080 2931 2136 mente

267 2198 384 2257 sua
426 2197 556 2240 non
585 2197 795 2240 essere
843 2174 961 2239 che
1007 2184 1230 2260 queste
1262 2173 1654 2239 conclusioni
1702 2177 1883 2239 siano
1915 2174 2146 2254 valide,
2191 2174 2425 2261 perche
2472 2176 2734 2241 intendo
2773 2200 2931 2242 sono

266 2285 463 2348 molto
512 2304 806 2362 erronee,
865 2283 1138 2346 maxime
1184 2282 1246 2344 in
1308 2291 1404 2345 tre
1451 2281 1744 2368 capitoli:
1808 2290 2016 2346 utrum
2076 2281 2386 2347 humanae
2446 2286 2929 2349 constitutiones

264 2390 465 2475 ligent
521 2388 605 2454 ad
662 2396 996 2476 peccatum
1050 2388 1359 2452 mortale?
1448 2396 1658 2453 utrum
1717 2391 1806 2453 sit
1860 2389 2453 2455 communicandum
2510 2391 2629 2455 sub
2689 2390 2927 2478 duplici

265 2499 524 2584 specie?
614 2506 682 2560 et
722 2504 934 2561 utrum
980 2494 1345 2560 sacerdotes
1392 2503 1726 2560 teneantur
1771 2494 1854 2560 ad
1899 2495 2280 2561 celibatum‘?
2369 2518 2496 2561 non
2541 2497 2623 2561 ho
2663 2509 2928 2584 possuto

165 2619 245 2675 20
264 2604 501 2671 havere
558 2610 638 2669 ne
695 2603 753 2669 le
812 2604 1233 2691 propositioni
1294 2608 1372 2667 ne
1429 2601 1493 2667 la
1551 2602 1959 2669 conclusione
2018 2601 2084 2667 di
2131 2612 2356 2690 questo
2403 2603 2653 2669 dottore
2666 2654 2685 2685 ,
2731 2627 2930 2692 quan-

262 2723 503 2801 tunque
552 2752 636 2761 —
683 2734 865 2777 come
908 2710 992 2774 ho
1039 2710 1218 2776 detto
1266 2751 1349 2759 —-
1399 2709 1531 2775 Sua
1574 2711 1833 2776 Maesta
1889 2709 2122 2775 habbia
2184 2734 2511 2798 promesso
2570 2712 2926 2795 mandarle;

262 2826 344 2884 ne
387 2841 580 2906 posso
625 2842 741 2906 per
797 2820 906 2883 via
963 2818 1187 2882 alcuna
1244 2826 1575 2904 penetrare
1631 2818 1688 2882 al
1748 2840 1933 2897 vem,
1997 2826 2403 2904 quantunque
2448 2821 2816 2904 monsignor
2861 2821 2927 2885 di

266 2926 525 2994 Vienna
570 2925 907 2991 s'affatichi
953 2927 1150 3005 assai,
1196 2948 1300 2989 ma
1343 2947 1468 2988 non
1515 2923 1764 2989 ardisce
1811 2923 1950 2989 dire
1995 2933 2179 2989 tutto.
2269 2924 2409 2989 faro
2457 2936 2692 3012 quanto
2739 2934 2926 3013 potro

262 3057 380 3121 per
421 3032 714 3099 intendet
759 3035 871 3119 piu
917 3032 1080 3096 oltra
1123 3041 1189 3095 et
1234 3032 1445 3096 subito
1492 3030 1647 3096 daro
1694 3035 1875 3097 aviso
1921 3054 1960 3096 a
2006 3031 2135 3096 Sua
2181 3030 2461 3112 Santita,
2519 3034 2925 3100 certificando

160 3155 243 3209 25
259 3139 353 3208 V.
383 3140 449 3206 S.
495 3141 614 3205 che
659 3141 808 3204 tutti
855 3139 898 3203 li
934 3138 1254 3204 Catholici
1300 3161 1423 3203 uno
1470 3161 1578 3203 ore
1625 3138 1858 3205 dicono
1906 3162 2116 3204 essere
2161 3143 2520 3210 necessario
2565 3163 2759 3207 overo
2806 3143 2924 3207 che

261 3246 394 3313 Sua
437 3246 689 3313 Santita
733 3270 854 3314 con
901 3246 946 3311 il
993 3244 1265 3311 concilio
1308 3246 1605 3331 generale
1664 3246 1952 3333 proveda
2008 3269 2047 3310 a
2105 3250 2266 3310 tanti
2326 3246 2631 3311 disordini
2651 3296 2668 3327 ,
2727 3271 2924 3314 overo

258 3354 363 3421 ch’
408 3357 535 3420 essi
582 3377 806 3420 sarano
853 3354 1115 3419 sforzati
1161 3352 1521 3439 provederll
1570 3356 1635 3417 in
1666 3363 1894 3440 questa
1938 3363 2117 3439 parte
2165 3353 2230 3417 di
2263 3353 2605 3419 Germania
2649 3355 2924 3420 iacendo

257 3462 304 3525 il
374 3461 599 3527 sinodo
666 3461 1086 3547 provinciale,
1159 3468 1224 3524 et
1281 3460 1344 3524 di
1406 3470 1632 3546 questa
1699 3462 2001 3546 opinione
2068 3483 2224 3525 sono
2293 3460 2335 3524 li
2405 3463 2678 3548 principi
2747 3473 2812 3526 et
2879 3462 2922 3526 li

257 3571 526 3656 privati,
585 3569 633 3633 li
701 3567 868 3634 dotti
938 3575 1003 3631 et
1069 3566 1330 3648 indotti,
1399 3578 1466 3632 et
1533 3571 1597 3633 in
1667 3567 2074 3633 conclusione
2143 3570 2291 3632 tutti
2361 3568 2401 3631 li
2473 3568 2787 3633 sacerdoti
2859 3579 2924 3634 et

152 3691 239 3745 30
255 3676 422 3762 layci
451 3680 517 3759 ⁸).

437 3782 545 3848 Gli
594 3784 879 3848 esserciti
911 3781 1016 3847 del
1047 3780 1353 3850 Vaivoda
1397 3791 1463 3846 et
1491 3780 1557 3846 di
1605 3792 1831 3868 questo
1863 3781 2053 3847 Sermo
2098 3805 2164 3846 re
2212 3804 2369 3847 sono
2401 3784 2595 3848 vicini
2643 3806 2682 3848 a
2710 3806 2922 3848 mezza

256 3892 400 3976 lega
442 3889 706 3955 todesca
763 3898 829 3954 et
886 3891 939 3953 si
995 3892 1166 3953 tiene
1219 3912 1338 3974 per
1380 3898 1557 3954 certo
1602 3889 1827 3954 sarano
1883 3889 2170 3954 conflitto
2185 3937 2202 3969 ‚
2261 3899 2666 3976 quantunque
2712 3891 2920 3976 quello

257 3996 363 4062 del
410 3996 717 4064 Vaivoda
760 3998 855 4062 sia
899 3998 1010 4083 piu
1070 4018 1405 4060 numeroso
1451 3996 1497 4061 il
1559 3994 1802 4083 doppio
1821 4045 1838 4076 ,
1903 4019 2008 4061 ma
2076 4019 2234 4062 sono
2295 3998 2554 4084 paesani
2623 4007 2689 4060 et
2754 4019 2919 4084 poco

256 4106 444 4190 periti
502 4103 569 4169 di
622 4126 866 4190 guerra.
957 4111 1182 4189 questa
1241 4103 1495 4168 Maesta
1560 4103 1645 4167 ha
1702 4105 1908 4167 ottimi
1967 4103 2200 4169 soldati
2258 4114 2324 4169 et
2391 4106 2530 4169 suoi
2602 4106 2919 4191 capitanei

144 4222 237 4281 35
255 4212 548 4277 scriveno
606 4209 1158 4296 gagliardamente.
1246 4209 1311 4274 la
1367 4232 1525 4297 pace
1582 4210 1860 4275 anchora
1918 4214 1972 4276 si
2030 4220 2224 4277 tratta
2279 4235 2397 4299 per
2453 4210 2749 4277 l’oratore
2795 4210 2920 4276 Ce-

398 4414 441 4459 t)
474 4407 556 4448 Der
586 4408 840 4448 matthania
874 4407 987 4447 Thou
1012 4407 1084 4447 des
1109 4407 1347 4447 Schmtens
1386 4406 1441 4446 ist
1468 4418 1535 4446 am
1568 4405 1709 4447 Raude
1735 4407 1948 4459 metm-h
1987 4408 2066 4447 met
2094 4408 2360 4448 uerkzeichm
2403 4410 2614 4455 msehem
2650 4407 2794 4449 amo
2820 4408 2920 4449 sina
2989 4384 2996 4391 .

252 4480 433 4521 antehae
460 4480 617 4520 Russus
642 4480 958 4520 anterus-feben.

402 4586 445 4653 ¹)
494 4588 634 4642 Uber
664 4588 810 4642 die-se
836 4587 1168 4656 Saoezbmqer
1194 4586 1717 4658 Provinzialsynode
1744 4587 1867 4641 und
1904 4586 1994 4642 die
2021 4588 2414 4658 Betheiliquny
2451 4588 2525 4643 K.
2551 4586 2916 4643 Ferdinands

252 4694 337 4733 cm
372 4676 649 4731 dev-sewen
683 4676 860 4743 findet
896 4677 1014 4731 sich
1049 4677 1143 4730 ein
1176 4678 1559 4746 reichhaltiyes
1594 4676 1715 4731 und
1756 4677 2277 4733 hochinteressantes
2312 4679 2589 4732 Materia!
2622 4678 2700 4731 im
2737 4677 2914 4735 State-

136 4768 229 4827 40
245 4767 673 4825 haltereiardaiv
707 4782 778 4821 m
812 4766 1140 4822 Imbruck.
