3500 5300
1267 324 1364 379 No,
1405 325 1501 380 72:
1543 326 1683 381 1534
1717 327 1863 382 Miirz
1901 330 1987 385 18.
2853 329 2959 390 199

291 527 705 606 parcamente
751 519 818 585 di
862 520 1044 586 lettre
1089 528 1153 586 et
1197 520 1264 585 di
1308 522 1575 607 negocii,
1622 530 1685 587 et
1730 522 2043 588 dolevassi
2093 523 2211 589 del'
2253 534 2478 610 agente
2523 528 2698 612 regio
2745 534 2807 590 et
2850 529 2954 614 poi
3028 533 3168 584 1534

288 628 403 712 11111
462 627 947 712 generalmente.
1039 627 1332 694 havendo
1392 638 1761 695 veramente
1819 629 2055 696 havute
2114 641 2333 720 queste
2392 642 2603 698 vostre
2661 656 2845 719 spero
2891 634 2958 699 di
2975 601 3116 655 Hm·
3157 605 3229 656 18

289 734 474 798 farne
521 735 761 820 optimo
809 734 1049 817 officio,
1094 735 1263 802 forse
1308 734 1499 822 hoggi
1547 735 1661 802 che
1705 736 1789 802 ho
1836 738 1921 802 da
1967 737 2205 803 andare
2251 763 2291 803 a
2336 739 2467 804 Sua
2510 740 2789 821 Maesta3
2852 764 2959 806 ma

288 839 529 926 perche
575 842 640 904 in
687 848 906 928 questo
938 843 1186 928 meggio
1234 841 1314 906 ho
1362 842 1446 907 da
1478 844 1826 909 mandarne
1870 845 1929 910 le
1974 848 2247 931 presenti
2297 870 2337 910 a
2368 846 2443 911 V.
2477 846 2560 930 S.,
2608 847 2670 911 la
2708 849 2957 934 ragual·

230 949 472 1035 bgiaro
520 949 585 1013 di
634 948 858 1014 alcune
902 971 1047 1014 cose
1093 948 1209 1014 che
1252 952 1339 1014 mi
1386 973 1744 1016 occorreno.

472 1055 638 1136 Quel
683 1055 798 1122 6116
856 1058 916 1121 16
978 1059 1185 1121 scrivo
1232 1056 1348 1122 6116
1409 1056 1717 1123 dubitano
1732 1109 1751 1141 ,
1784 1060 1851 1123 -e
1908 1058 2024 1125 6116
2084 1061 2149 1123 vi
2208 1058 2419 1125 (1611116
2478 1083 2647 1126 66661
2706 1085 2956 1148 guerra,

288 1162 525 1250 perche
574 1163 827 1228 Franza
872 1164 1085 1250 voglia
1129 1166 1313 1229 venir
1358 1167 1424 1228 in
1471 1165 1658 1230 Italia
1703 1174 1818 1252 per
1862 1165 2110 1232 Urbino
2125 1217 2144 1249 ,
2204 1176 2269 1232 et
2327 1177 2490 1233 sotto
2554 1178 2773 1257 questo
2819 1193 2958 1257 pre-

285 1279 454 1335 testo
518 1271 792 1336 etiandio
850 1293 963 1358 per
1021 1271 1296 1355 Milano,
1359 1280 1423 1337 et
1480 1273 1596 1338 ebe
1656 1274 1919 1338 essendo
1979 1275 2160 1339 motti
2220 1276 2285 1339 in
2330 1274 2519 1340 Italia
2563 1284 2626 1340 et
2670 1299 2845 1342 arme
2890 1278 2959 1343 di

287 1381 444 1464 ogni
489 1377 735 1461 banda,
796 1379 841 1442 il
884 1402 1054 1466 papa
1099 1380 1311 1465 voglia
1355 1382 1463 1467 poi
1507 1380 1626 1444 dar
1671 1383 1821 1445 noia
1866 1404 1905 1445 a
1951 1381 2006 1444 F
2008 1404 2254 1460 611616;
2316 1391 2379 1446 et
2437 1384 2794 1469 agiongono
2842 1384 2959 1451 che

187 1492 266 1546 10
287 1485 424 1551 Sua
473 1486 871 1550 Beatitudine
916 1494 980 1550 et
1022 1485 1085 1550 la
1131 1485 1412 1552 Christum
1458 1487 1705 1553 Maesta
1766 1510 2035 1575 spel-ano
2086 1491 2377 1554 occasion
2439 1498 2503 1554 et
2560 1491 2801 1556 facilita
2845 1515 2959 1578 per

286 1594 336 1658 il
379 1593 650 1658 tumulto
697 1592 813 1659 6116
872 1595 926 1657 61
969 1591 1192 1658 dubita
1235 1595 1433 1660 dover
1489 1617 1660 1660 esser
1716 1618 1833 1682 per
1888 1595 2262 1679 Germania,
2320 1596 2551 1682 perche
2597 1597 2850 1663 Franza
2893 1600 2954 1664 lo

287 1701 374 1765 ha
421 1701 661 1765 aiutato
692 1701 971 1766 etiandio
1017 1725 1057 1766 a
1088 1704 1358 1766 suscitar
1402 1725 1522 1767 eon
1568 1704 1706 1768 suoi
1737 1704 1985 1789 agenti3
2030 1712 2093 1769 et
2138 1705 2203 1768 in
2248 1705 2355 1768 un'
2402 1704 2564 1769 altra
2604 1708 2954 1790 6666616116,

285 1807 408 1874 6116
455 1806 688 1873 Cesare
747 1808 950 1873 faccia
1008 1831 1237 1895 guerra
1297 1811 1360 1872 in
1418 1810 1523 1874 un'
1582 1809 1744 1874 altra
1802 1818 1985 1897 parte
2044 1818 2107 1875 et
2165 1813 2285 1875 6116
2344 1821 2651 1898 occupato
2715 1815 2780 1878 in
2838 1814 2958 1878 dar

285 1917 665 1982 executione
709 1915 834 1980 alla
880 1917 1188 1981 sententia
1232 1924 1454 1981 contra
1483 1916 1893 2003 Inghelterra.
1956 1921 2016 1981 io
2062 1917 2144 1981 ho
2177 1918 2471 2001 raccolto,
2524 1918 2686 2005 dieo,
2733 1927 2955 2009 questo

193 2028 259 2081 15
285 2023 572 2089 discorso
618 2022 685 2088 di
730 2045 1004 2110 persona
1049 2022 1165 2089 che
1210 2025 1420 2110 potria
1477 2046 1648 2089 esser
1693 2047 1856 2110 poco
1903 2025 2217 2110 magiore,
2277 2024 2443 2089 onde
2489 2027 2958 2113 comprendeva

282 2130 406 2195 6116
452 2153 562 2195 616
606 2139 769 2195 stato
825 2131 982 2195 fatto
1042 2132 1245 2217 primo
1306 2133 1370 2195 in
1416 2131 1575 2197 altro
1634 2133 1816 2197 111666
1851 2134 1918 2219 ¹).
1994 2140 2058 2197 et
2102 2134 2518 2197 continuava:
2569 2156 2673 2197 ma
2718 2142 2953 2221 quanto

288 2262 324 2302 a
373 2240 560 2303 motti
607 2238 670 2303 di
718 2237 1081 2321 Germania,
1131 2261 1259 2304 non
1306 2240 1340 2302 6
1388 2238 1472 2302 (16
1516 2238 1615 2303 far
1659 2239 2065 2304 fondamento
2113 2238 2229 2304 che
2275 2241 2584 2325 occupino
2630 2240 2954 2305 diuturna-

289 2354 518 2429 mente,
565 2344 682 2410 che
726 2368 956 2432 guerra
1015 2346 1275 2411 todesca
1333 2369 1459 2410 non
1506 2346 1668 2411 dura
1711 2348 1823 2433 piu
1870 2346 1935 2411 di
1982 2348 2072 2411 sei
2118 2348 2303 2431 mesi,
2350 2353 2413 2412 et
2457 2346 2648 2411 molto
2696 2343 2857 2412 116116
2902 2348 2956 2412 61

293 2456 462 2517 stara
522 2453 815 2539 vigilanti
872 2452 938 2517 di
1005 2475 1132 2517 non
1200 2455 1404 2517 intrar
1470 2453 1695 2519 adesso
1764 2453 1847 2518 ad
1918 2455 2290 2518 executione
2359 2455 2440 2517 ne
2508 2453 2668 2518 altro
2734 2462 2957 2519 contra

198 2560 670 2648 201nghilterra
734 2560 826 2646 (et
872 2561 1245 2648 appartiene
1306 2584 1346 2624 a
1405 2560 1611 2648 quello
1671 2560 1787 2625 6116
1834 2560 1909 2625 V.
1958 2560 2019 2626 S.
2081 2562 2284 2626 scrive
2345 2559 2463 2624 6116
2520 2560 2652 2626 Sua
2709 2560 2957 2626 Santita

292 2669 582 2734 desidera
643 2691 812 2733 esser
871 2665 1217 2734 certificata
1274 2669 1440 2734 della
1496 2670 1872 2734 executione
1926 2669 2133 2755 prima
2191 2667 2307 2761 che
2365 2691 2576 2755 venga
2635 2667 2760 2733 alla
2818 2692 2953 2734 sen-

293 2778 505 2842 tentia.
579 2797 730 2842 ecco
778 2776 1068 2841 durando
1114 2785 1337 2863 questa
1382 2775 1737 2841 diffidentia
1796 2799 1923 2841 non
1985 2783 2454 2862 prometterano
2501 2777 2835 2840 execution
2892 2784 2955 2841 et

291 2885 502 2951 hanno
568 2881 794 2948 embra
853 2883 968 2948 6116
1017 2884 1078 2948 16
1137 2885 1184 2948 61
1261 2882 1556 2949 rechieda
1616 2886 1697 2948 ad
1761 2883 1921 2947 altro
1982 2883 2149 2968 fine).
2241 2884 2348 2969 poi
2406 2883 2494 2946 mi
2556 2882 2783 2947 diceva
2838 2882 2954 2949 che

290 2992 458 3057 male
486 2993 784 3079 dissegna
830 2991 874 3055 il
905 3013 1074 3077 papa
1119 2997 1182 3055 et
1212 2990 1464 3055 Franza
1508 2991 1573 3055 di
1621 2998 1807 3077 poter
1835 2992 2071 3074 vincer,
2117 2990 2348 3076 11616116
2395 3013 2517 3080 con
2546 3013 2634 3054 un
2674 2991 2954 3077 simplice

197 3099 270 3152 25
291 3123 494 3165 6611116
540 3109 604 3164 et
635 3098 1091 3163 dissimulando
1138 3120 1226 3162 un
1273 3121 1433 3185 poco
1479 3098 1640 3162 116116
1671 3099 1933 3162 materie
1964 3097 2288 3162 lutherane
2333 3104 2493 3161 tutte
2524 3103 2740 3182 queste
2784 3097 2955 3161 forze

290 3207 356 3272 di
403 3215 566 3271 tutta
618 3205 983 3289 Germania,
1032 3214 1192 3271 tutte
1238 3208 1373 3270 sino
1421 3207 1439 3269 i
1486 3205 1744 3271 fanciuli
1791 3213 1854 3270 et
1897 3206 1955 3270 le
1999 3205 2250 3289 femine,
2297 3205 2656 3270 correriano
2696 3203 2955 3289 cupida-

290 3324 502 3379 mente
548 3339 587 3378 a
634 3314 828 3379 danni
874 3314 1040 3379 della
1085 3313 1319 3379 chiesia
1362 3323 1426 3378 et
1469 3337 1599 3378 non
1644 3312 1949 3378 bramano
1998 3313 2157 3378 altro
2220 3310 2335 3376 6116
2394 3308 2762 3375 subvertere
2809 3311 2954 3397 quel

291 3430 476 3487 stato.
567 3430 630 3487 et
676 3445 796 3486 con
844 3445 929 3485 un
977 3422 1108 3486 solo
1156 3444 1376 3504 cenn0,
1424 3421 1764 3508 replicava,
1812 3420 2221 3485 descenderia
2267 3426 2490 3506 questa
2534 3417 2701 3483 mala
2745 3426 2954 3503 gente,

290 3537 591 3595 contenta
650 3529 717 3593 di
775 3537 995 3615 questo
1057 3528 1300 3614 premio
1362 3529 1526 3613 solo,
1595 3526 1662 3591 di
1723 3527 2074 3592 confunder
2143 3549 2314 3613 papa
2387 3533 2451 3589 et
2509 3523 2834 3589 adherenti
2892 3531 2956 3590 et

195 3633 690 3724 &dependenti
782 3636 945 3700 oltra
1006 3636 1071 3700 di
1130 3644 1348 3722 questo
1411 3659 1476 3700 se
1540 3633 1775 3700 Cesare
1834 3637 1979 3699 sara
2036 3635 2295 3698 incitato
2343 3656 2462 3697 con
2508 3633 2709 3719 questi
2758 3632 2954 3709 tratti,

287 3744 424 3810 Sua
469 3745 716 3808 Maesta
762 3741 1035 3808 Cesarea
1079 3743 1287 3828 potria
1330 3741 1602 3828 prender
1645 3743 1881 3828 partito
1941 3743 2008 3805 in
2054 3764 2183 3805 una
2241 3763 2357 3805 sua
2415 3741 2509 3804 ira
2553 3738 2620 3803 di
2666 3738 2864 3803 darne
2908 3739 2951 3803 il

287 3839 566 3918 stato-di
614 3852 855 3916 Milano
902 3873 942 3914 a
987 3849 1241 3914 Franza
1300 3857 1364 3914 et
1427 3849 1724 3914 invitat-la
1784 3851 1889 3935 poi
1963 3872 2001 3913 a
2059 3848 2256 3913 dauni
2325 3854 2388 3913 et
2456 3847 2952 3933 correggimento

286 3960 456 4026 della
502 3959 752 4024 chiesia.
845 3981 950 4022 ma
996 3979 1184 4022 senza
1230 3957 1293 4020 di
1340 3964 1557 4043 queste
1603 3956 1727 4021 due
1780 3978 1954 4039 cose,
2014 3956 2129 4021 che
2174 3957 2224 4019 si
2285 3956 2529 4019 fariano
2575 3952 2952 4037 facilmente,

284 4070 536 4152 diceva,
583 4069 730 4154 ogni
777 4068 1050 4152 1111111666
1093 4087 1206 4151 1161
1252 4064 1436 4128 Italia
1481 4066 1648 4128 saria
1681 4063 1841 4128 dura
1886 4063 2099 4146 molto,
2146 4061 2376 4149 perche
2417 4061 2654 4126 Milano
2685 4060 2954 4125 Mantua

194 4171 265 4225 35
284 4177 568 4242 Ferrara
611 4171 858 4240 Urbino
905 4180 970 4237 et
1015 4171 1334 4236 Vinetiani
1381 4170 1703 4235 medesimi
1752 4195 1789 4235 o
1835 4178 2264 4257 apertamente
2311 4194 2367 4253 o,
2428 4191 2606 4234 come
2651 4169 2952 4254 sogliono,

283 4307 412 4350 eon
457 4282 776 4348 dexterita
822 4282 874 4344 si
919 4300 1358 4366 opponeran03
1417 4289 1481 4342 et
1526 4280 1638 4364 piu
1684 4278 1936 4344 diceva:
1999 4277 2082 4343 da
2128 4278 2332 4342 Roma
2376 4277 2719 4341 medesima
2763 4281 2825 4339 et
2869 4275 2954 4340 da

279 4390 522 4480 grandi
568 4388 612 4453 il
656 4411 826 4476 papa
871 4388 924 4452 si
967 4386 1229 4452 haveria
1287 4386 1370 4450 da
1419 4385 1699 4450 eustodir
1752 4394 1816 4451 et
1861 4384 2148 4450 difender
2166 4435 2183 4468 ,
2243 4392 2305 4449 et
2351 4383 2661 4449 Fiorenza
2719 4405 2954 4448 ancora

279 4501 448 4567 faria
495 4499 564 4562 in
620 4519 707 4561 un
755 4502 947 4561 tratto
1006 4517 1154 4559 cosa
1212 4492 1327 4558 che
1385 4491 1528 4558 altri
1585 4515 1713 4556 non
1774 4515 1987 4579 pensa.
2034 4528 2121 4539 —-
2167 4493 2226 4556 io
2284 4490 2643 4556 fidelmente
2700 4497 2763 4556 et
2807 4492 2951 4555 sim·

281 4644 822 4656 .,..--———--———--—-—-———-—

437 4731 482 4799 ¹)
522 4728 598 4784 D.
635 4730 686 4786 h.
724 4724 844 4800 dass
881 4727 997 4782 dies
1033 4726 1458 4783 Raiaonnmaent
1493 4741 1612 4779 vom
1648 4725 1837 4797 Κόπίρ
1874 4725 2031 4780 selbst
2066 4729 2301 4779 stamme.
