3500 5300
566 323 674 385 402
1684 322 1782 377 No.
1825 322 1924 376 1¹⁸¹:
1964 321 2120 376 1536.

372 527 509 576 1536
564 524 663 588 dis
695 524 1095 586 occasionem
1130 519 1380 598 dedere,
1427 541 1572 582 cum
1618 519 1870 582 nonnisi
1918 539 1998 581 ex
2027 515 2385 580 rationabili
2417 536 2611 578 causa
2656 512 2841 577 sedes
2875 512 3244 597 apostolica

564 629 876 714 regularia
905 627 1045 692 loca
1074 625 1516 692 commendare
1545 629 1593 704 ⁸)
1639 625 1994 700 consuevit,
2042 631 2107 687 et
2152 643 2296 686 cum
2326 630 2476 686 sunt
2507 641 2829 698 concessa,
2874 621 3034 684 citra
3078 621 3240 705 juris

563 739 797 821 quesiti
858 732 1279 820 prejudicium
1338 731 1814 817 possessoribus
1878 728 2070 794 adimi
2132 749 2258 792 non
2317 736 2605 814 possunt.
2710 735 2781 791 ut
2835 737 3054 791 tamen
3115 725 3242 790 hoc

562 863 905 927 gravamen
973 839 1261 916 tollatur,
1331 840 1565 924 poterit
1637 836 1866 901 San-'¹¹⁸
1935 836 2250 901 Dominus
2313 834 2553 900 Noster
2612 856 2754 898 cum
2812 854 2928 919 per
2980 854 3240 897 cessum

566 949 670 1014 vel
716 948 1049 1014 decessum
1096 947 1488 1024 vacaverint,
1535 945 1874 1009 Germanis
1919 942 2259 1026 gratificari
2276 991 2293 1021 ,
2338 948 2412 1004 ut
2452 941 2690 1005 nemini
2737 942 2862 1004 nisi
2906 938 3241 1005 Germano
3291 944 3324 997 5

566 1055 978 1119 conferantur
1021 1061 1130 1117 aut
1177 1048 1637 1117 comendentur
1664 1051 1730 1128 ι’).

744 1296 842 1357 39.
934 1291 1092 1356 Post
1146 1313 1340 1356 onera
1396 1290 1625 1377 quibus
1685 1297 2165 1374 conqueruntur
2211 1287 2514 1352 Germani
2574 1310 2611 1351 a
2657 1288 2962 1351 Romanis
3022 1291 3239 1373 ponti-

566 1401 789 1465 ficibus
837 1409 901 1464 et
948 1397 1300 1485 apostolica
1361 1396 1514 1462 sede
1572 1399 1824 1481 gravari
1843 1445 1859 1475 ,
1929 1395 2354 1482 subjiciuntur
2411 1394 2667 1479 querele
2736 1403 2958 1458 contra
3028 1393 3238 1458 archi-

569 1509 903 1592 episcopos
951 1506 1289 1591 episcopos
1337 1515 1399 1567 et
1448 1503 1605 1568 alios
1652 1503 2119 1568 ecclesiasticos
2165 1501 2464 1588 prelatos
2557 1523 2828 1585 quorum
2870 1501 3238 1585 justificatio

567 1623 675 1678 aut
735 1613 1061 1676 excusatio
1138 1610 1219 1674 ad
1276 1632 1393 1674 nos
1454 1632 1579 1673 non
1638 1610 1931 1694 pertinet.
2044 1630 2262 1673 eorum
2322 1617 2536 1672 tamen
2605 1607 2925 1672 nonnullis
2983 1629 3065 1671 ex
3126 1606 3240 1671 de-
3259 1620 3322 1672 10

569 1717 778 1783 ductis
826 1719 1069 1781 occurri
1118 1726 1335 1803 posset
1383 1740 1457 1779 ac
1503 1738 1582 1780 ex
1630 1717 1723 1780 eis
1770 1715 1983 1801 plures
2030 1737 2148 1779 nec
2192 1715 2518 1800 justificari
2577 1737 2692 1778 nec
2740 1714 3029 1778 excusari
3090 1735 3240 1799 pos-

570 1835 719 1888 sunt
736 1849 751 1902 3
799 1825 1024 1907 corrigi
1074 1825 1288 1909 potius
1335 1833 1401 1887 et
1446 1821 1768 1887 emendari
1816 1820 2054 1886 debent
2096 1842 2226 1886 non
2271 1823 2457 1886 novis
2518 1820 2935 1907 promulgatis
2998 1821 3240 1884 consti-

569 1929 943 2009 tutionibu8‚
990 1928 1104 1994 sed
1153 1931 1414 2016 proviso
1461 1937 1533 1993 ut
1574 1930 1703 2014 jam
1749 1930 1992 1993 sancite
2037 1926 2474 1993 observentur.

570 2173 673 2232 40.
742 2169 997 2246 Quibus
1045 2167 1252 2232 modis
1299 2168 1622 2253 laycorum
1670 2168 1838 2232 bona
1886 2167 2214 2232 inmobilia
2260 2167 2342 2233 ad
2389 2168 2966 2232 ecclesiasticorum
3011 2190 3238 2232 manus
3495 2115 3500 2212 Ι

891 2286 953 2339 et
1000 2297 1130 2339 non
1175 2284 1439 2338 econtra
1483 2274 1564 2338 ab
1611 2274 2070 2339 ecclesiasticis
2130 2272 2211 2338 ad
2257 2274 2475 2359 laycos
2521 2275 2913 2359 perveniant.
3266 2273 3326 2328 15
3485 2273 3500 2538 J

750 2400 915 2463 Cum
975 2399 1168 2464 semel
1226 2398 1370 2463 Deo
1431 2398 1712 2464 dicatum
1773 2396 1855 2463 ad
1921 2397 2284 2485 prophanos
2343 2421 2496 2463 usus
2565 2397 2838 2483 amplius
2905 2398 3238 2463 transferri

574 2529 700 2570 non
747 2508 967 2592 possit,
1015 2527 1139 2591 que
1182 2507 1352 2590 justa
1395 2514 1611 2591 potest
1656 2526 1798 2571 esse
1858 2504 2114 2591 querela
2168 2507 2223 2569 si
2281 2505 2421 2590 lege
2480 2514 2734 2569 cautum
2793 2507 2878 2569 sit
2933 2528 3014 2571 ne
3073 2506 3242 2570 bona

572 2612 928 2678 alienentur
973 2612 1425 2678 ecclesiarum?
1514 2610 1685 2698 quod
1731 2614 1924 2679 etiam
1968 2610 2405 2699 imperialibus
2465 2612 2708 2698 legibus
2757 2614 3034 2677 vetitum
3079 2611 3240 2678 fuit:

572 2719 610 2782 l.
655 2718 945 2804 jubemus
994 2718 1067 2784 C.
1113 2718 1193 2785 de
1249 2741 1447 2785 sacro.
1496 2740 1626 2785 san.
1675 2719 1868 2785 eccle.
1901 2723 1975 2802 ¹),
2045 2728 2112 2784 et
2168 2720 2233 2783 in
2279 2720 2671 2784 Anthentica
2713 2717 2797 2784 de
2841 2742 2971 2785 non
3018 2719 3240 2785 aliena.

573 2834 682 2890 aut
728 2835 1076 2911 pet-mutan.
1122 2849 1207 2891 re.
1264 2825 1416 2891 eccl.
1445 2828 1509 2905 ²).
1572 2847 1691 2890 nec
1721 2829 1767 2907 ⁰)
1829 2834 2041 2891 tamen
2110 2828 2366 2890 omnino
2435 2828 2736 2904 vetitum,
2802 2826 2920 2892 sed
2987 2829 3238 2891 nonnisi
3255 2826 3324 2878 20

573 2940 749 2997 certa
806 2931 1145 2997 observata
1202 2932 1405 2996 forma
1474 2941 1538 2998 et
1582 2932 1983 2997 solemnitate
1996 2957 2013 3012 ;
2081 2935 2509 3019 conspicimus
2582 2934 2748 2998 enim
2801 2931 3012 2999 indies
3073 2933 3242 2999 bona

575 3038 1009 3104 ecclesiastica
1050 3037 1229 3103 feudi
1277 3046 1343 3103 et
1386 3038 1843 3125 emphitheosis
1887 3038 2073 3103 titulo
2118 3046 2230 3104 aut
2273 3061 2352 3103 ex
2383 3041 2847 3125 permutatione
2893 3038 2978 3104 ad
3021 3040 3240 3125 laycos

576 3143 920 3209 transferri.

577 3362 676 3423 41.
746 3356 945 3435 Quod
993 3360 1279 3445 episcopi
1326 3359 1493 3423 bona
1539 3359 1926 3424 hereditaria
1971 3358 2544 3425 ecclesiasticorum
2593 3359 2677 3425 ad
2721 3383 2789 3425 se
2837 3361 3091 3428 trahere
3139 3386 3248 3428 eo-

1785 3472 2029 3530 nentur.
3262 3468 3328 3522 25

753 3587 928 3653 Male
975 3597 1169 3673 agunt
1214 3592 1501 3677 episcopi
1547 3592 1602 3653 si
1647 3589 1835 3655 bonis
1880 3590 2432 3677 patrimonialibus
2478 3601 2591 3656 aut
2634 3591 2891 3657 aliunde
2921 3616 3120 3679 quam
3165 3616 3248 3660 ex

578 3694 997 3783 proventibus
1045 3695 1494 3762 ecclesiasticis
1549 3698 1840 3782 aquisitis
1895 3695 2268 3763 clericorum
2322 3695 2590 3763 heredes
2638 3697 3042 3778 defraudant,
3105 3702 3248 3769 sive

577 3803 795 3866 testati
842 3804 980 3867 sive
1026 3803 1311 3866 intestati
1357 3800 1767 3883 decesserint,
1813 3824 1959 3868 cum
2006 3802 2087 3868 ad
2133 3802 2401 3869 heredes
2447 3812 2771 3890 spectent:
2835 3826 2890 3871 c.
2953 3809 3108 3892 quia
3165 3806 3248 3874 de

880 3962 1106 3973 -..ψ-..ἠ

720 4050 3331 4176 :3ffiffiaemmffld0ffloeh13m2maawsd9mmfflmm5fflrdfflwffl

575 4191 1101 4244 ΜίσὺικσκεεΒΙαᾶ.

720 4264 764 4314 c)
792 4262 891 4303 M.
926 4265 947 4302 1
972 4262 1079 4304 etan
1103 4263 1173 4304 des
1188 4262 1413 4314 somam
1441 4264 1488 4304 ot
1512 4263 1625 4305 ratio
1652 4263 1787 4306 otim
1815 4266 1887 4307 ost
1912 4265 2016 4315 qui·
2041 4264 2269 4317 praelatus
2296 4276 2383 4309 non
2410 4267 2484 4308 ott
2501 4266 2702 4309 aaut·
2728 4278 2871 4311 m-
2898 4270 3140 4321 §oded-0,
3169 4273 3250 4315 ὀί

578 4333 854 4385 dispensator
876 4334 1003 4385 juta
1031 4333 1141 4375 illud
1168 4332 1304 4386 primo
1332 4333 1384 4375 ul
1415 4334 1610 4376 Corinth.
1641 4338 1688 4376 42
1730 4335 1800 4378 sic
1837 4347 1917 4378 no·
1952 4336 2179 4380 exi-uum
2203 4338 2330 4380 homo
2367 4339 2419 4379 ut
2456 4337 2680 4381 nini-uo·
2706 4339 2783 4381 de.
2811 4341 2864 4391 [1
2873 4340 2965 4384 ὢν.
2983 4341 3016 4382 4
3041 4354 3084 4385 ο.
3115 4346 3178 4394 1]-
3209 4345 3250 4386 ni

580 4414 685 4456 orgo
711 4403 873 4447 domini
902 4414 986 4446 non
1016 4406 1134 4455 sunt,
1165 4404 1358 4446 alienare
1387 4416 1471 4447 non
1499 4407 1717 4458 poterunt,
1746 4406 1867 4451 sient
1891 4419 1973 4450 noe
1998 4406 2352 4452 nsurrnotnriu
2389 4410 2467 4452 ant
2500 4409 2718 4460 nunu-lun.
2749 4410 2912 4462 quibu
2938 4412 3101 4456 elerici
3127 4425 3252 4457 eon·

579 4476 785 4527 pamm·
811 4475 960 4527 ‘tom
988 4474 1031 4515 iu
1061 4487 1098 4517 c.
1130 4476 1351 4527 praesenti
1381 4477 1436 4518 do
1464 4477 1537 4519 off.
1567 4488 1627 4519 or.
1657 4476 1737 4519 nb.
1767 4480 1794 4521 Β
1820 4479 1961 4529 [Sati
1982 4479 2051 4522 a.
2083 4481 2108 4521 1
2131 4480 2197 4523 Μ.
2231 4480 2285 4522 16
2309 4491 2344 4522 c.
2375 4481 2437 4532 9]-

728 4599 766 4659 ¹)
807 4600 863 4655 C.
904 4601 941 4653 Ι
976 4602 1057 4655 tit.
1097 4606 1133 4655 3
1169 4604 1206 4657 ι.
1244 4606 1330 4657 37.

728 4685 768 4755 ²)
793 4678 939 4744 con.
978 4691 1055 4743 Π
1088 4692 1173 4744 tit.
1212 4695 1242 4744 1
1277 4691 1419 4745 Nov.
1462 4696 1510 4745 7.
