3500 5300
568 361 679 423 2⁶8
1422 364 1521 419 No.
1559 364 1797 420 83—84:
1842 364 1979 420 1538
2015 364 2167 435 April
2202 365 2379 418 2.—-4.

374 563 518 615 1538
567 559 758 625 homo
816 567 882 625 et
937 559 1178 625 barone
1236 562 1382 626 sara
1442 582 1569 625 uno
1627 583 1867 626 messer
1923 560 2215 648 Gasparo
2274 560 2551 626 Orticelo
2565 610 2583 644 ‚
2654 558 2842 648 quale
2898 558 2983 624 ha
3040 558 3250 623 molta

340 633 476 702 Apr.
513 636 554 687 2

571 670 961 755 experientia
1017 667 1179 734 delle
1236 690 1383 733 cose
1435 668 1501 732 di
1561 677 1783 755 questo
1845 690 2042 753 regno
2086 675 2152 733 et
2195 668 2279 732 ha
2323 667 2494 733 bona
2538 667 2755 753 lingua
2797 665 3077 731 italiana.
3177 689 3248 729 se

571 798 612 839 a
669 775 802 840 Sua
858 775 1106 841 Santita
1164 776 1420 862 piacera
1475 774 1742 862 pigliare
1802 774 2067 862 qualche
2125 776 2597 858 informatione,
2670 796 2852 839 come
2906 795 3033 838 non
3094 775 3249 837 sara

570 882 709 947 fora
753 882 819 947 di
864 884 1205 968 propositO,
1252 883 1453 947 costui
1499 882 1765 947 essendo
1810 903 2084 968 persona
2127 882 2320 946 molto
2367 890 2589 947 acorta
2626 880 2671 945 li
2702 883 2930 967 sapera
2973 879 3248 944 rendere

572 995 765 1054 cunto
811 988 914 1054 del
960 997 1141 1054 tutto.
3297 999 3328 1051 5

748 1094 976 1160 L'Inm
1022 1095 1350 1161 marchese
1394 1095 1462 1160 di
1499 1094 2005 1160 Brandenbnrch
2051 1094 2319 1161 electore
2364 1094 2468 1160 del
2512 1096 2775 1183 imperio
2819 1096 2907 1159 mi
2953 1093 3037 1159 ha
3081 1093 3248 1158 fatto

502 1231 507 1236 ·
572 1202 707 1267 fare
752 1201 1042 1267 l’inclusa
1085 1202 1383 1268 richiesta
1412 1203 1484 1287 ¹),
1532 1224 1712 1266 come
1756 1202 1834 1266 V.
1867 1201 1930 1267 S.
1977 1202 2106 1267 ΒΜ
2151 1202 2418 1286 vedera3
2477 1205 2543 1267 in
2588 1202 2652 1266 la
2695 1201 2882 1290 quale
2927 1208 3248 1288 quantun·

360 3875 501 3946 Apr.
538 3878 577 3930 2

573 1331 697 1396 que
741 1331 900 1396 para
943 1312 1008 1374 in
1054 1310 1401 1396 preiudicio
1448 1308 1567 1374 del'
1615 1308 1837 1374 ordine
1868 1308 2313 1374 Carthusiense
2357 1317 2423 1375 et
2465 1310 2630 1373 forse
2661 1308 2726 1372 di
2768 1307 2897 1372 mal
2928 1304 3248 1394 exemplo,

573 1416 956 1481 nondimeno
1017 1417 1280 1482 essendo
1339 1425 1559 1504 questo
1616 1417 1904 1502 principe
1962 1415 2094 1480 solo
2152 1415 2463 1481 catholico
2519 1414 2889 1480 circundato
2935 1415 3020 1479 da
3063 1413 3249 1478 molti

574 1522 943 1608 Lutherani‚
991 1524 1099 1589 alli
1144 1524 1317 1611 quali
1363 1523 1406 1587 il
1453 1523 1635 1587 fratel
1681 1547 1795 1588 suo
1843 1524 1927 1587 da
1972 1523 2162 1610 pochi
2205 1525 2412 1611 giorni
2458 1524 2523 1587 in
2569 1545 2697 1609 qua
2742 1521 2778 1586 ὲ
2824 1519 3137 1586 declinato
3165 1523 3250 1604 ¹),
3269 1537 3334 1590 10

576 1637 640 1695 et
684 1630 950 1695 essendo
996 1631 1183 1695 morti
1230 1638 1293 1696 et
1321 1632 1549 1695 extinti
1594 1632 1775 1719 quasi
1821 1633 1971 1696 tutti
2015 1629 2060 1694 li
2104 1630 2271 1706 frati,
2318 1631 2450 1695 Sua
2480 1629 2728 1695 Santita
2757 1625 3066 1716 potrebbe
3111 1627 3250 1692 fare

577 1736 843 1825 qualche
888 1737 1386 1803 consideratione
1432 1738 1595 1803 oltra
1640 1738 2033 1821 l'ordinario,
2080 1738 2461 1803 rendendosi
2518 1745 2693 1800 certa
2739 1734 2857 1800 che
2914 1758 2955 1799 a
2997 1756 3160 1821 poco
3210 1757 3253 1798 a

577 1866 737 1931 poco
797 1843 842 1907 li
890 1844 1110 1909 ordeni
1169 1844 1250 1909 de
1295 1846 1443 1910 frati
1489 1845 1700 1930 d'ogni
1747 1846 2048 1929 religione
2107 1847 2173 1909 in
2221 1844 2569 1910 Germania
2627 1864 3044 1921 mancaranO,
3101 1843 3252 1905 anzi

580 1973 734 2015 sono
780 1954 961 2038 quasi
1007 1952 1303 2034 mancati,
1349 1960 1413 2016 et
1457 1974 1645 2016 senza
1690 1950 1879 2017 alcun
1926 1951 2123 2017 dubio
2170 1950 2233 2015 al
2277 1959 2566 2038 presente
2595 1951 2662 2015 vi
2697 1971 2851 2014 sono
2881 1950 2993 2036 pin
3029 1971 3252 2012 mona·

579 2057 751 2122 sterii
813 2056 931 2122 che
988 2058 1169 2140 frati3
1228 2055 1293 2122 la
1348 2057 1498 2144 qual
1561 2081 1709 2123 cosa
1752 2080 1906 2144 pare
1965 2057 2334 2123 incredibile
2379 2081 2419 2121 a
2464 2057 2567 2123 chi
2613 2056 3073 2122 oculatamente
3115 2077 3253 2120 non
3275 2072 3342 2125 15

580 2163 642 2227 la
688 2164 864 2229 vede.

758 2271 863 2336 Ho
909 2295 1028 2338 con
1075 2271 1267 2337 molte
1311 2274 1437 2336 mie
1483 2271 1703 2337 lettere
1749 2274 2261 2338 continuamente
2306 2271 2657 2360 supplicato
2704 2295 2745 2336 a
2789 2272 2866 2336 V.
2904 2271 2966 2337 S.
3013 2271 3139 2335 ΒΜ
3186 2277 3256 2334 et

579 2376 732 2442 Ill¹¹¹⁸
789 2381 843 2443 si
900 2380 1089 2467 degni
1136 2380 1326 2444 farmi
1385 2387 1662 2445 ottenere
1718 2379 1972 2445 licentia
2028 2380 2115 2445 da
2159 2379 2393 2445 Nostro
2458 2380 2723 2466 Signore
2784 2378 2883 2442 ch'
2943 2380 3003 2442 io
3060 2400 3256 2464 possa

583 2486 801 2550 venire
845 2488 912 2551 in
958 2486 1163 2568 Italia,
1209 2486 1473 2552 essendo
1510 2495 1780 2552 astretto
1826 2486 1996 2552 dalla
2024 2489 2333 2552 necessita
2378 2487 2445 2551 di
2490 2509 2638 2552 casa
2681 2487 2811 2551 mia
2856 2493 2920 2551 et
2964 2483 3065 2549 del
3110 2507 3254 2549 ves·

585 2601 828 2658 covato.
921 2616 1049 2658 non
1096 2595 1336 2660 restarb
1383 2616 1502 2660 con
1549 2603 1772 2683 questa
1816 2594 1882 2659 di
1940 2595 2296 2682 supplicare
2342 2594 2387 2660 il
2431 2594 2808 2676 medesim0‚
2866 2591 3252 2681 persuaden-
3273 2606 3346 2661 20

581 2699 758 2764 domi
816 2710 988 2765 certo
1047 2700 1163 2766 che
1221 2700 1429 2788 quella
1487 2704 1539 2766 si
1598 2702 1882 2789 degnara
1939 2704 2125 2767 farmi
2183 2711 2459 2768 ottenere
2517 2701 2607 2766 tal
2674 2703 2910 2787 gratia,
2978 2709 3040 2765 et
3106 2722 3252 2786 pro-

582 2806 936 2889 mettend0‚
995 2829 1175 2873 come
1235 2831 1387 2873 sono
1447 2808 1763 2891 debitore,
1823 2809 1938 2874 che
1996 2811 2251 2897 quando
2298 2811 2432 2874 Sua
2475 2810 2724 2874 Santita
2779 2809 2992 2895 voglia
3044 2806 3141 2872 ch’
3189 2809 3254 2872 io

583 2913 808 2977 ritorni
854 2936 894 2977 a
939 2923 1158 3000 questo
1202 2914 1405 2999 luoco‚
1453 2938 1701 3002 sempre
1744 2917 1889 2980 sarb
1933 2918 2330 3002 paratissimo
2379 2916 2673 2999 ubedirli,
2720 2917 2913 2981 etiam
2959 2914 3055 2979 ch’
3103 2915 3252 2998 ogn'

583 3017 746 3083 altro
790 3019 955 3084 fosse
1003 3024 1114 3107 pin
1160 3023 1387 3087 idoneo
1433 3022 1500 3086 di
1546 3046 1683 3106 me3
1754 3031 1819 3087 et
1864 3022 1979 3087 che
2022 3023 2086 3087 la
2131 3023 2373 3089 dimora
2420 3025 2546 3088 mia
2590 3025 2655 3087 in
2699 3022 2888 3087 Italia
2930 3045 3059 3086 non
3105 3025 3255 3087 sarh

583 3125 781 3213 lunga
837 3128 918 3190 ne
978 3149 1093 3213 per
1151 3127 1480 3194 l'absentia
1535 3131 1667 3194 mia
1723 3129 1808 3194 da
1865 3131 1972 3216 qui
2040 3129 2172 3194 Sua
2216 3130 2467 3195 Santita
2522 3130 2651 3216 pub
2697 3151 2992 3194 recevere
3037 3129 3336 3196 danno25

586 3232 834 3311 alcun0‚
882 3233 979 3298 ch’
1026 3236 1086 3299 io
1132 3236 1328 3318 veda‚
1387 3237 1469 3300 ne
1516 3244 1739 3323 questa
1786 3237 2032 3301 Maesta
2076 3239 2265 3322 potra
2307 3258 2556 3301 esserne
2602 3234 2731 3300 mal
2775 3237 3100 3301 satisfatta.
3189 3244 3256 3301 et

586 3342 647 3405 io
693 3364 813 3405 con
860 3342 971 3427 piu
1018 3344 1229 3427 quieto
1276 3345 1487 3407 animo
1533 3345 1715 3430 potro
1763 3344 1999 3407 servire
2029 3366 2070 3407 a
2099 3343 2231 3409 Sua
2261 3343 2525 3427 Santita,
2572 3366 2640 3408 se
2680 3346 3012 3409 occorrera
3042 3344 3254 3408 volere

588 3446 684 3512 ch’
730 3448 792 3511 io
839 3448 1075 3512 ritorni.
1167 3471 1275 3529 per
1322 3457 1482 3514 tutte
1527 3458 1743 3537 queste
1789 3451 2036 3537 ragioni
2082 3451 2380 3539 adunque
2427 3451 2717 3538 supplico
2764 3450 2829 3514 di
2876 3473 3046 3515 novo
3079 3450 3157 3514 V.
3187 3451 3255 3515 S.

588 3553 717 3618 ΒΜ
776 3554 828 3618 si
885 3553 1079 3640 degni
1138 3555 1480 3641 impetrare
1538 3556 1627 3621 tal
1685 3560 1895 3643 gratia
1953 3565 2016 3623 et
2060 3566 2299 3645 quanto
2345 3559 2458 3645 piu
2503 3565 2715 3644 presto
2763 3558 3255 3643 significarmila,

591 3658 757 3724 della
812 3660 999 3747 quale
1055 3663 1293 3727 restaro
1354 3672 1869 3751 perpetuamente
1929 3664 2205 3750 obligato
2266 3688 2306 3728 a
2366 3664 2590 3751 quella.
2697 3667 2761 3728 in
2821 3664 2994 3729 bona
3048 3666 3339 3751 gratiaao

592 3766 759 3832 della
804 3766 991 3854 quale
1037 3774 1142 3834 etc.

774 3874 859 3939 Di
905 3875 1117 3961 Praga
1163 3874 1269 3939 alli
1318 3887 1355 3941 2
1403 3876 1665 3962 d’aprile
1716 3888 1908 3945 1538.

364 4125 503 4196 Apr.
542 4129 575 4178 4
595 4125 710 4194 84.
804 4125 1070 4190 Morene
1115 4147 1203 4189 (m
1233 4125 1552 4191 Far-nese:
1598 4128 1895 4209 Ankunft
1940 4129 2047 4192 des
2077 4127 2481 4211 Erebischofs
2523 4149 2642 4194 von
2672 4128 2884 4206 Lund,
2930 4129 3041 4193 der
3080 4128 3252 4195 Wei-

592 4253 756 4316 suny
798 4252 936 4297 vom
983 4233 1229 4298 Kaiser
1274 4234 1382 4297 hat
1426 4236 1544 4297 mit
1589 4235 1711 4299 den
1759 4235 2051 4299 Nuntien
2105 4237 2211 4300 des
2257 4235 2526 4317 Papstes
2572 4242 2780 4318 enqste
2824 4236 3128 4319 Fiihlunq
3169 4258 3252 4301 eu

593 4340 843 4405 suchen.
934 4340 1159 4405 Lunds
1204 4341 1704 4424 Mittheilunyen
1749 4343 1904 4407 iiber
1950 4342 2069 4406 den
2131 4343 2409 4424 Verlauf
2443 4345 2552 4408 der
2583 4343 2946 4427 Handltmy
2993 4346 3065 4408 in
3124 4344 3250 4410 Un-
3268 4352 3336 4406 35

595 4487 899 4495 --‘-——---..-—
922 4491 965 4495 —.

742 4571 757 4600 ¹
889 4573 899 4584 '
1019 4573 1172 4627 nicht
1208 4573 1310 4627 bei.

740 4571 785 4727 ’Ξ
818 4571 1128 4731 {ittig-cyrus
1146 4661 1312 4715 Hans
1348 4678 1455 4715 von
1480 4662 1721 4716 Krisa-in
1747 4664 2172 4719 unterhandelte
2207 4665 2399 4719 boreits
2433 4665 2537 4721 mit
2572 4665 2694 4720 dem
2720 4664 3252 4720 Schmalkaldiscken

599 4747 804 4802 Bunde
839 4751 974 4803 iiber
1007 4751 1155 4804 scine
1190 4751 1513 4816 Aufnahme
1548 4752 1671 4805 und
1708 4758 1824 4806 έναι
1860 4754 1997 4808 kur-z
2031 4754 2260 4821 darauf
2284 4755 2383 4810 bei.
