3500 5300
628 353 737 420 438
948 366 952 370 ’
1629 353 1727 416 Nc.
1774 357 1896 417 172:
1937 356 2077 418 1535
2110 354 2223 416 Juli
2257 358 2309 417 3.

438 564 574 646 153ζὸ
633 556 859 620 nahme
887 557 1090 620 seium·
1121 555 1369 621 Reisen.
1453 556 1848 639 meiloeifer
1877 557 1982 621 des
2014 557 2293 640 Papstea
2372 558 2549 624 Bitte
2591 581 2701 623 um
2732 558 3148 642 Eia-sendum
3190 556 3290 623 der

416 633 540 688 Μ’
574 637 611 686 ³
637 664 926 728 Antwort
955 664 1061 727 des
1090 664 1440 728 baimam
1471 664 1728 729 Kresses
1757 665 1885 745 auf
1918 666 2054 728 sein
2085 665 2466 748 Amr-imm.
2557 666 2938 749 Unyariscloe
2966 667 3288 732 Fruam-

629 770 965 852 handluny.
1059 771 1317 836 Abreise
1373 770 1483 835 des
1529 770 1930 853 Psalzyrafen
1978 771 2320 836 Friedrich.
2413 772 2799 857 Betoerbunq
2855 773 2960 838 des
3010 773 3291 838 Nuntius

627 898 736 940 um
782 877 899 940 das
945 876 1204 941 Bistum
1247 898 1365 941 von
1416 876 1831 957 Capodazwria.
1922 879 2156 963 [1535]
2199 878 2343 944 Juli
2386 884 2430 943 3
2472 878 2759 964 [WienJ.

773 1020 897 1073 Aua
950 1018 1218 1089 Venediy,
1267 1019 1414 1074 Βεω.
1452 1019 1634 1074 Marc.
1683 1019 1802 1074 ital.
1855 1019 1923 1074 οι.
1962 1019 2049 1074 1x
2095 1020 2213 1075 eod.
2253 1020 2320 1074 67
2369 1019 2464 1075 fol.
2508 1021 2742 1075 10-2·
2790 1021 2988 1089 offic„-
3034 1021 3098 1073 επ
3146 1034 3287 1074 ωηο
3332 1026 3361 1080 5

845 1106 1125 1163 Cardinali
1164 1106 1556 1178 salzburgensi
1605 1115 1663 1163 et
1698 1107 1968 1163 Bavariae
2018 1108 2149 1163 duci
2186 1110 2288 1174 (an
2330 1109 2568 1165 walchen
2614 1110 2866 1164 let-:teron
2914 1109 3046 1164 aber
3090 1109 3155 1162 in
3200 1106 3286 1161 ab·

842 1196 1178 1251 weicheuder
1212 1195 1385 1252 Form
1415 1195 1763 1267 qesclm‘eben
1795 1197 2006 1266 warde,
2042 1214 2129 1252 nr.
2168 1199 2311 1266 173).

806 1319 1155 1406 Propterea
1185 1319 1407 1386 distuli
1438 1329 1570 1386 tam
1600 1320 1712 1386 diu
1741 1342 1950 1408 neque
1979 1323 2207 1408 scripsi
2240 1320 2321 1387 ad
2352 1321 2875 1387 Dominationem
2904 1320 2996 1388 V.
3028 1322 3198 1386 R¹¹¹⁸¹¹
3227 1327 3288 1385 et

629 1425 826 1491 Ill¹⁸¹⁸¹²
872 1425 1041 1513 quod
1085 1449 1202 1514 per
1245 1427 1488 1514 aliquos
1536 1426 1672 1493 dies
1719 1429 2142 1512 egrotaverim
2175 1431 2252 1510 ¹);
2312 1427 2543 1494 deinde
2597 1428 2773 1516 quod
2817 1450 3028 1494 essem
3072 1430 3135 1492 in
3179 1448 3286 1513 spe

629 1532 948 1599 scribendi
980 1542 1154 1598 certa
1183 1534 1494 1620 quaedam
1524 1557 1833 1622 responsa
1872 1536 2063 1619 regia,
2093 1557 2258 1621 quae
2303 1557 2341 1599 a
2370 1558 2471 1601 me
2500 1535 2765 1620 singulis
2796 1533 2969 1600 horis
3001 1543 3358 1622 expecta-10

629 1639 877 1705 bantur.
968 1639 1160 1705 habui
1220 1663 1296 1705 ea
1353 1640 1624 1727 denique
1685 1650 1751 1706 et
1810 1663 1981 1707 nunc
2038 1641 2330 1708 scribam.
2422 1644 2512 1707 ait
2568 1640 2785 1707 Ser-²·-
2850 1663 2966 1707 rex
3022 1663 3093 1707 se
3136 1638 3287 1705 nihil

630 1746 921 1812 dubitare
966 1748 1120 1833 quin
1167 1746 1368 1813 Cesar
1411 1749 1497 1812 sit
1539 1747 1875 1813 Mantuam
1921 1748 2401 1836 approbaturus,
2463 1757 2529 1814 et
2584 1770 2839 1835 sperare
2896 1748 3178 1813 futurum
3220 1753 3287 1811 ut

630 1855 836 1940 primo
892 1875 1141 1939 quoque
1198 1862 1483 1940 tempore
1542 1876 1620 1920 ea
1676 1854 1758 1919 de
1814 1876 1883 1920 re
1940 1854 2162 1919 literae
2218 1854 2303 1920 ad
2347 1877 2417 1921 se
2460 1845 2862 1942 perferantur
2875 1880 2893 1936 ς
2938 1855 3103 1921 illud
3143 1873 3286 1919 vero

630 1982 1008 2046 responsum
1054 1960 1398 2026 Cesareum
1454 1960 1534 2025 de
1592 1961 1975 2026 remittenda
2029 1961 2158 2026 loci
2217 1962 2673 2048 approbatione
2729 1962 3004 2028 statibus
3050 1960 3287 2047 imperii

633 2074 817 2131 vetus
849 2065 1170 2153 quoddam
1198 2088 1575 2153 responsum
1606 2089 1749 2133 esse
1780 2069 2221 2154 comperimus,
2265 2067 2438 2153 quod
2466 2069 2722 2134 minime
2767 2067 3031 2134 habebit
3073 2068 3286 2133 loom.
3302 2077 3360 2132 15

633 2174 910 2238 consulit
954 2172 1085 2239 Sua
1130 2173 1334 2259 Regia
1376 2173 1687 2261 Maiestas
1733 2183 1809 2238 ut
1875 2176 2177 2241 citissime
2243 2195 2592 2261 prosequar
2656 2176 2779 2240 iter
2843 2195 3056 2239 meum
3068 2223 3088 2256 ,
3152 2193 3287 2238 nam

633 2279 970 2345 confestim
1015 2289 1228 2367 sperat
1272 2303 1342 2345 se
1386 2282 1728 2346 missurum
1759 2303 1900 2347 esse
1945 2290 2095 2368 post
2138 2303 2242 2346 me
2271 2280 2580 2347 Mantuae
2619 2280 3140 2368 approbationem
3182 2299 3290 2366 per

636 2386 936 2452 Cesarem
982 2395 1045 2451 et
1090 2408 1206 2474 per
1249 2409 1336 2470 se.

815 2494 878 2557 A
922 2494 1221 2580 pontifice
1280 2492 1485 2559 habeo
1543 2515 1743 2559 novas
1804 2493 2020 2559 literas
2081 2503 2147 2559 et
2202 2492 2463 2581 quidem
2517 2493 2734 2581 plures
2763 2496 2810 2576 ²)
2823 2543 2843 2575 ,
2899 2493 3130 2580 quibus
3193 2513 3285 2556 me

635 2600 922 2666 stimulat
958 2607 1148 2687 atque
1194 2600 1462 2688 impellit
1507 2608 1578 2665 ut
1621 2600 1986 2687 proficiscar
2028 2599 2113 2666 ad
2156 2601 2436 2689 reliquos
2482 2602 2822 2689 principes,
2868 2609 2935 2666 et
2979 2604 3155 2667 visus
3196 2604 3288 2665 est
3301 2607 3361 2663 20

636 2707 791 2772 mihi
837 2707 1157 2793 aliquanto
1204 2706 1525 2772 ardentior
1567 2709 1636 2772 in
1665 2707 1768 2772 his
1799 2706 2093 2773 omnibus
2123 2730 2315 2794 quam
2357 2710 2429 2774 in
2466 2709 2785 2795 prioribus
2816 2730 3095 2794 unquam
3121 2708 3286 2772 visus

637 2813 886 2894 fuisset,
929 2823 1002 2879 ut
1046 2835 1214 2878 nunc
1259 2816 1452 2879 etiam
1497 2815 1835 2899 pecuniam
1880 2813 2038 2879 mihi
2068 2813 2482 2881 destinaverit
2510 2814 2595 2880 ad
2639 2813 3149 2901 prosequendum
3175 2814 3290 2877 iter

635 2943 866 2986 meum.
958 2942 1077 3006 ego
1123 2922 1377 2985 omnino
1421 2922 1634 3005 cogito
1681 2921 1832 2986 hinc
1877 2921 2084 3002 abire,
2143 2943 2269 2986 non
2328 2930 2476 2987 ante
2535 2930 2749 2987 tamen
2806 2943 2995 3007 quam
3061 2920 3289 3008 possim

639 3027 874 3093 vedere
940 3049 1242 3114 quorsum
1310 3026 1542 3092 evadet
1605 3035 1915 3093 tractatus
1983 3029 2039 3092 is
2100 3037 2315 3093 noster
2372 3051 2560 3115 quem
2606 3029 2686 3093 de
2731 3049 2890 3114 pace
2936 3026 3289 3092 Pannoniae

640 3136 1055 3222 suscepimus.
1124 3157 1342 3199 verum
1388 3135 1643 3199 minime
1689 3133 2024 3200 diuturnus
2069 3134 2322 3200 futurus
2370 3142 2468 3200 est
2512 3144 2578 3201 et
2621 3134 2893 3200 scribam
2938 3155 3067 3200 non
3106 3130 3289 3198 semel
3304 3140 3361 3197 25

640 3240 851 3308 adhuc
896 3241 979 3306 ad
1024 3240 1539 3306 Dominationem
1587 3239 1677 3305 V.
1723 3239 1895 3304 R¹¹²⁸'¹
1943 3250 2007 3305 et
2051 3239 2248 3305 lum·-
2295 3250 2633 3327 antequam
2678 3241 2829 3307 hinc
2873 3240 3154 3308 discedo.

819 3349 1163 3434 Reliquum
1230 3356 1328 3412 est
1387 3357 1458 3411 ut
1515 3348 1769 3412 nomine
1826 3349 2053 3412 summi
2112 3347 2430 3433 pontificis
2479 3347 2743 3414 eandem
2786 3370 3005 3434 rogem
3020 3397 3037 3428 ,
3104 3346 3289 3411 veluti

643 3466 839 3542 caput
883 3455 1381 3521 ecclesiasticum
1425 3456 1611 3519 istius
1657 3454 1934 3519 ambitus
1980 3453 2297 3519 Baioarici
2316 3503 2332 3532 ,
2391 3465 2463 3519 ut
2522 3477 2711 3539 agere
2755 3454 2915 3521 velit
2958 3477 3105 3521 cum
3146 3451 3290 3517 ΠΡ»

642 3563 934 3649 principe
980 3559 1142 3626 duce
1189 3560 1530 3639 willelmo,
1575 3563 1785 3646 capite
1829 3559 2137 3626 laicorum
2181 3562 2558 3647 principum,
2618 3570 2687 3625 ut
2741 3561 2822 3627 ad
2869 3583 2972 3627 me
3017 3564 3292 3625 mittatur

644 3677 927 3733 vestrum
970 3689 1350 3753 responsum
1391 3667 1724 3753 placeatne
1774 3667 1958 3732 vobis
1989 3667 2279 3746 Mantua,
2324 3690 2487 3752 quae
2517 3691 2556 3732 a
2584 3668 2883 3754 pontifice
2914 3668 3287 3754 proponitur,
3300 3674 3367 3729 3⁰

643 3775 753 3841 ubi
799 3773 1140 3840 concilium
1184 3773 1570 3853 celebretur3
1630 3796 1775 3838 nam
1838 3796 1914 3837 ea
1970 3773 2227 3860 quidem
2286 3776 2529 3838 ratione
2584 3797 2622 3839 a
2667 3774 2852 3838 vobis
2898 3776 3288 3860 potissimum

645 3880 777 3947 Sua
822 3880 1142 3946 Sanctitas
1188 3879 1618 3966 incipiendum
1674 3882 1929 3966 putavit
1986 3879 2156 3966 quod
2217 3902 2335 3944 vos
2383 3889 2591 3945 certos
2651 3904 2792 3945 esse
2850 3882 3041 3945 sciret
3087 3882 3189 3967 qui
3230 3880 3291 3943 in

646 3986 813 4054 Suae
860 3988 1233 4053 sanct-itatis
1266 3989 1648 4051 sententiam
1677 3988 2001 4065 veniretis,
2046 3988 2228 4072 cujus
2260 3990 2612 4051 sententiae
2644 3988 3021 4052 auctoritate
3052 4008 3289 4073 possem

795 4199 838 4269 ¹)
877 4201 963 4254 Im
990 4201 1124 4255 oben
1141 4215 1518 4271 anqezoqenen
1534 4200 1899 4255 undatierten
1921 4201 2157 4269 concept
2185 4218 2262 4253 an
2292 4200 2398 4254 den
2416 4200 2614 4255 clai-¹¹³⁰
2634 4216 2839 4254 messer
2857 4199 3045 4254 Barba
3073 4199 3293 4256 schreibt

659 4290 940 4361 Veryerc'O,
989 4306 1047 4343 er
1082 4290 1159 4344 sei
1194 4290 1328 4344 zelm
1369 4289 1514 4358 Taya
1551 4289 1728 4343 krank
1763 4305 2000 4359 yewesen
2036 4307 2113 4343 an
2151 4289 2258 4343 den
2295 4288 2510 4359 Folqen
2545 4290 2689 4344 eines
2726 4288 2915 4343 Falles
2928 4329 2945 4356 ,
2988 4290 3165 4343 durch
3198 4287 3293 4342 den
3307 4284 3364 4339 35

647 4396 706 4433 cr
739 4381 857 4434 sich
893 4379 1040 4433 Knie
1077 4377 1199 4431 und
1232 4378 1414 4432 Hand
1447 4379 1664 4433 verletzt
1698 4378 1838 4433 habe
1874 4377 1909 4431 Ζ.
1948 4379 1981 4431 1.
2020 4376 2135 4431 ital.
2175 4378 2242 4432 cl.
2282 4377 2335 4431 V
2371 4376 2490 4431 cod.
2529 4379 2600 4431 64
2634 4376 2726 4431 fol.
2767 4377 2868 4431 147
2883 4388 2924 4429 ⁸.

791 4470 835 4521 ²)
875 4467 1014 4521 Dem
1061 4468 1251 4532 Briefe
1288 4467 1616 4522 Ricalcati’s
1665 4483 1786 4522 vom
1836 4469 1913 4520 27
1949 4467 2091 4521 Jmu'
2128 4483 2212 4520 nr.
2254 4468 2359 4519 169
2412 4466 2533 4532 (der
2578 4466 2718 4520 noch
2763 4466 2917 4520 nicht
2953 4464 3295 4535 cingar-offen

646 4558 764 4609 sein
801 4557 1021 4623 konnte)
1059 4573 1175 4610 war
1210 4552 1392 4624 auster
1428 4555 1548 4610 dem
1587 4572 1700 4610 vom
1738 4558 1810 4608 13
1837 4555 1980 4622 Mai,
2016 4572 2103 4609 nr.
2141 4558 2260 4622 148,
2297 4555 2409 4609 dm
2455 4554 2709 4623 Veryen'o
2746 4556 2810 4607 in
2854 4554 3017 4609 Wien
3054 4552 3292 4620 vorsand,

647 4646 788 4699 noch
835 4645 926 4698 ein
961 4645 1196 4699 auderet·
1239 4645 1392 4701 nieht
1437 4644 1588 4698 mehr
1625 4643 1996 4713 vorlieyender
2038 4644 2539 4713 roraufyeyanyen,
2590 4661 2705 4698 vom
2741 4648 2779 4697 8
2812 4643 2973 4710 Jaemi,
3012 4644 3199 4698 desum
3244 4639 3292 4695 V.

649 4735 712 4789 in
749 4751 832 4787 nr.
873 4738 973 4786 177
1005 4734 1254 4805 yedenkt.
3308 4728 3362 4782 40
