3500 5300
527 313 633 376 152
1431 315 1530 370 No.
1568 316 1664 369 49:
1706 315 1844 370 1533
1879 314 2164 369 December
2199 314 2287 368 28.

317 514 457 568 1633
529 534 684 577 sono
728 512 794 576 in
827 510 1115 593 tumultu,
1159 511 1443 597 parendo
1488 508 1621 575 loro
1669 518 1887 574 trovar
1932 508 2048 574 che
2092 507 2156 573 la
2186 515 2365 592 setta,
2412 508 2528 574 che
2572 507 2662 595 gli
2707 508 2792 574 ha
2821 508 3196 573 dimostrata

268 584 400 640 Dec‘
436 587 511 641 '⁹3
528 617 878 706 Sphinglio,
925 618 1021 683 sia
1064 618 1460 682 inconstante
1505 624 1568 682 et
1634 638 1826 681 senza
1895 616 2208 682 fermezza
2274 615 2520 699 alcuna,
2594 624 2657 682 et
2717 613 3038 681 uastando
3092 615 3196 679 fra

526 724 659 791 loro
705 724 870 791 dove
915 726 1027 812 piu
1073 731 1303 811 presto,
1351 746 1388 789 o
1434 745 1553 789 con
1600 724 1706 787 noi
1752 745 1791 787 o
1837 745 1956 789 con
2003 723 2379 806 Lutherani,
2425 723 2822 788 s'havesseno
2869 729 3192 805 accostar3

526 830 817 919 pendeno
863 831 1096 897 d’esser
1140 829 1310 896 dalla
1355 836 1535 917 parte
1579 836 1797 896 nostra
1841 832 2003 896 tutti.

705 938 841 1004 Tra
886 945 1102 1026 queste
1147 938 1498 1025 perversita
1538 935 1816 1002 heretice
1860 957 1986 1002 non
2034 938 2099 1001 vi
2145 937 2182 1001 ὲ
2228 935 2388 1001 altro
2432 936 2497 1001 di
2543 958 2713 1001 novo
2756 934 2928 1001 hora.
3021 935 3193 1000 odite
3246 946 3282 997 5

528 1069 708 1113 come
753 1053 851 1111 sta
895 1044 960 1110 la
1004 1044 1148 1110 fede
1192 1042 1259 1108 di
1304 1043 1461 1110 Jesu
1508 1042 1759 1110 Christo
1806 1066 1919 1131 per
1966 1051 2059 1109 sto
2099 1065 2305 1130 paese.
2397 1050 2616 1131 questo
2665 1050 2873 1129 tempo
2918 1042 2986 1106 di
3030 1048 3194 1106 tutto

530 1152 576 1217 il
618 1175 816 1239 regno
863 1151 931 1217 di
971 1151 1255 1234 Boemia,
1302 1148 1405 1215 nel
1462 1149 1614 1237 qual
1671 1151 1911 1216 ritrovo
1969 1172 2084 1237 per
2140 1148 2198 1214 le
2268 1147 2482 1215 tabule
2552 1148 2656 1214 del
2722 1171 2919 1235 regno
2966 1147 3084 1214 che
3128 1150 3198 1213 vi

531 1282 683 1325 sone
732 1264 1073 1324 settecento
1120 1264 1184 1323 et
1229 1266 1438 1323 trenta
1495 1257 1578 1322 do
1632 1256 1875 1323 castelli
1920 1264 1983 1322 et
2042 1263 2217 1322 tante
2284 1255 2434 1322 ville
2503 1255 2620 1321 ohe
2687 1278 2817 1322 non
2863 1255 3111 1320 ardisco
3156 1279 3197 1320 a

532 1364 710 1449 dirle,
756 1367 809 1430 si
855 1387 1010 1430 sono
1056 1364 1328 1430 ordinati
1374 1365 1464 1430 sei
1510 1363 1823 1430 sacerdoti
1870 1362 2003 1446 soli,
2049 1370 2113 1428 et
2156 1364 2360 1450 questi
2423 1385 2576 1428 sono
2638 1363 2785 1428 stati
2829 1361 3040 1428 alcuni
3087 1385 3196 1449 po·

531 1473 669 1536 veri
712 1470 1006 1554 mendici,
1051 1472 1073 1536 i
1119 1470 1292 1559 quali
1348 1470 1431 1536 ho
1477 1470 1837 1558 dispensato
1890 1471 2093 1557 gratis
2149 1492 2265 1556 per
2322 1468 2387 1535 la
2443 1472 2709 1556 poverta
2761 1469 2927 1551 loro,
2996 1468 3112 1533 che
3157 1492 3200 1533 a
3222 1480 3291 1531 10

531 1600 910 1667 quocunque
955 1586 1285 1666 potesseno
1332 1600 1502 1644 esser
1531 1577 1821 1642 ordinati.
1913 1578 2002 1641 mi
2045 1577 2187 1642 dice
2218 1578 2322 1664 poi
2353 1575 2399 1640 il
2430 1598 2704 1642 vescovo
2749 1576 2815 1641 di
2846 1576 3118 1641 Patavia
3148 1577 3199 1659 ¹)

533 1684 650 1750 che
693 1682 861 1749 nella
905 1707 1019 1750 sua
1065 1685 1301 1750 diocesi
1345 1686 1412 1750 in
1456 1690 1711 1772 quattro
1758 1685 1910 1750 anni
1966 1707 2047 1749 ne
2091 1706 2245 1749 sono
2292 1684 2439 1749 stati
2500 1683 2773 1748 ordinati
2833 1684 3089 1770 cinque‚
3136 1690 3202 1747 et

532 1791 577 1857 il
622 1814 895 1858 vescovo
940 1791 1007 1856 di
1053 1789 1350 1858 Lubiana
1377 1793 1453 1880 ²),
1499 1791 1616 1858 che
1661 1789 1828 1856 nella
1873 1813 1988 1856 sua
2033 1792 2098 1855 in
2146 1797 2276 1856 otto
2322 1791 2471 1855 anni
2529 1811 2682 1855 sono
2729 1791 2875 1854 stati
2922 1789 3201 1854 ordinati

533 1898 724 1964 credo
756 1897 872 1964 che
901 1897 1229 1963 m'habbia
1261 1898 1433 1963 detto
1469 1910 1546 1967 17
1576 1896 1706 1963 soli.
1753 1920 2027 1963 narrano
2059 1896 2337 1962 etiandio
2367 1919 2515 1962 cosa
2544 1894 2931 1979 incredibile,
2962 1906 3201 1984 quante

533 2005 831 2093 parochie
876 2027 1122 2071 vacano
1169 2027 1284 2092 per
1328 2004 1570 2070 diffetto
1617 2004 1684 2070 di
1724 2004 2054 2087 sacerdoti,
2101 2027 2229 2069 non
2276 2003 2417 2069 dico
2461 2006 2528 2068 in
2576 2003 2839 2068 Boemia
2883 2002 3034 2086 sola,
3084 2002 3203 2068 che
3224 2011 3295 2064 15

537 2112 574 2177 ὸ
620 2113 998 2197 scismatica,
1046 2135 1154 2177 ma
1197 2113 1265 2177 in
1312 2120 1478 2178 tutta
1521 2111 1587 2177 la
1630 2110 1894 2177 Austria
1938 2119 2003 2176 et
2046 2118 2211 2176 tutta
2256 2110 2618 2178 Germania.

711 2218 956 2306 Hoggi‚
1029 2217 1145 2285 che
1214 2240 1327 2286 son
1399 2224 1560 2285 stato
1607 2242 1647 2283 a
1691 2241 2083 2306 compagnar
2127 2218 2173 2283 il
2216 2241 2285 2285 re
2331 2217 2458 2283 alla
2522 2240 2748 2302 messa,
2818 2219 2905 2283 mi
2952 2218 3033 2283 ha
3074 2241 3204 2309 pur

683 2469 728 2538 ¹)
767 2470 888 2525 Der
922 2469 1368 2524 Administrator
1405 2470 1584 2525 Ernst
1619 2486 1724 2525 uon
1759 2470 1982 2525 Passau
2030 2486 2149 2523 war
2186 2470 2284 2523 der
2332 2469 2673 2524 Verbandete
2709 2469 2782 2523 K.
2822 2468 3203 2537 Fordinands,

536 2560 636 2614 mit
685 2559 806 2613 dem
840 2574 901 2613 er
949 2576 1038 2612 am
1084 2561 1153 2612 19
1187 2557 1330 2613 Juni
1376 2561 1518 2612 1533
1566 2559 1660 2613 ein
1708 2574 1865 2628 enyes
1886 2599 1903 2627 ,
1953 2573 2124 2628 yeqen
2171 2560 2319 2613 seim
2372 2557 2596 2613 Bruder
2651 2557 2743 2611 die
2798 2557 3044 2627 Herzoye
3092 2574 3205 2612 von

539 2648 756 2704 Baium
787 2646 1107 2718 yet-ichtetes
1143 2645 1407 2701 Bandnis
1440 2646 1777 2716 qeschlossen
1812 2649 1965 2702 hatte
2000 2646 2173 2719 (yedr.
2216 2648 2300 2702 bei
2336 2645 2571 2718 aS'tumpf
2614 2648 2858 2702 Baicms
2885 2648 3049 2716 polit.
3097 2645 3201 2701 Ge·
3223 2657 3297 2709 20

537 2738 776 2794 sebichte
812 2738 856 2792 I
894 2736 1052 2792 Urkb.
1089 2736 1146 2792 S.
1187 2739 1399 2790 47—51
1435 2752 1522 2791 nr.
1560 2739 1664 2803 10‚·
1717 2737 1818 2806 vyl.
1857 2737 2131 2791 Bucholtz
2167 2737 2265 2792 IV
2292 2737 2350 2793 S.
2388 2735 2545 2802 194f.
2594 2736 2717 2790 und
2752 2742 2930 2790 unten
2964 2752 3049 2789 nr.
3090 2737 3201 2803 77).

538 2828 701 2884 Aucti
726 2827 826 2882 mit
859 2826 1113 2895 Veryerio
1138 2842 1258 2880 war
1284 2825 1465 2880 Ermt
1493 2825 1684 2881 ber-cite
1711 2825 1776 2879 in
1800 2826 2137 2893 pensatione
2164 2827 2502 2896 Benihrunq
2529 2825 2652 2879 und
2677 2822 3204 2891 ti·ewndschaftliche

537 2915 919 2985 Baiehunqen
934 2920 1191 2986 yetrctcn.
1233 2914 1293 2970 U.
1314 2933 1365 2969 a.
1384 2914 1594 2970 sehr-iob
1612 2913 1715 2969 der
1733 2914 2186 2970 Administrator
2202 2932 2293 2968 am
2311 2919 2385 2970 29
2403 2914 2537 2970 Dec.
2556 2915 2697 2968 1533
2713 2932 2793 2968 cm
2820 2914 2926 2969 den
2943 2914 3206 2968 Nuntius

538 3006 674 3060 sober
711 3004 802 3059 die
840 3020 946 3059 von
981 3003 1136 3075 impii
1172 3004 1418 3059 homines
1445 3004 1800 3060 verbreiteten
1835 3003 2054 3058 ridiculi
2091 3018 2384 3074 sermones,
2421 3021 2487 3059 eo
2515 3003 2664 3075 quod
2692 3002 2903 3059 'Sanunm
2931 3002 3205 3059 Dominus

540 3093 742 3150 Noster
795 3110 831 3152 a
866 3091 1044 3147 Roma
1079 3091 1138 3147 in
1176 3090 1478 3147 Mamiliam
1515 3092 1754 3146 solverit.
1832 3091 2065 3146 maxime
2102 3092 2395 3147 dolendum
2444 3100 2530 3148 est
2575 3110 2674 3148 nos
2723 3094 2781 3147 in
2830 3109 2897 3147 ea
2946 3093 3204 3149 incidisse
3223 3101 3296 3154 25

539 3189 790 3253 tempora
815 3182 872 3235 in
900 3179 1106 3253 quibus
1142 3179 1477 3236 execrabiles
1515 3181 1740 3252 quidam
1778 3181 2026 3236 homines
2054 3182 2281 3236 summis
2307 3179 2457 3237 orbis
2486 3182 2797 3237 monarchis
2833 3183 3206 3238 amarulenter

539 3271 829 3326 detrahere
866 3278 924 3326 et
960 3271 1015 3324 in
1053 3270 1271 3325 eosdem
1309 3270 1684 3326 atrocissimas
1720 3286 1970 3342 quasque
2006 3287 2185 3342 nugas
2221 3268 2486 3342 effingere
2522 3288 2631 3325 non
2659 3277 2932 3326 verentur.
2998 3271 3206 3326 Weiter

540 3361 673 3416 aber
704 3360 1050 3430 per-senticae
1088 3359 1359 3415 Wansche
1394 3360 1514 3415 und
1554 3361 1813 3429 Gamerae,
1851 3361 1950 3414 mit
1987 3360 2086 3414 der
2120 3360 2290 3428 Bitte,
2328 3361 2429 3414 ilm
2465 3360 2584 3414 dem
2611 3360 2822 3427 Papste
2857 3361 3204 3430 angeleqent-

543 3450 652 3504 lich
685 3465 756 3503 zu
792 3447 1127 3518 mapsam,-
1163 3448 1302 3504 doch
1336 3449 1462 3519 faqt
1498 3465 1557 3504 er
1593 3451 1794 3505 hinzu:
1829 3457 2204 3505 verumtamen
2243 3448 2647 3504 cardinalitium
2683 3449 2932 3520 galerum
2971 3449 3063 3519 (de
3091 3468 3204 3521 quo

541 3538 748 3594 Vestra
782 3536 916 3592 Rev.
948 3536 1267 3591 Dominatio
1305 3553 1470 3607 saepe
1506 3554 1722 3593 mecum
1756 3538 1931 3609 jocari
1959 3537 2198 3603 solebat)
2238 3555 2346 3591 non
2383 3535 2584 3606 ambi0,
2622 3554 2792 3608 quum
2831 3544 2945 3593 tam
2980 3538 3204 3609 amplis·
3226 3546 3297 3599 30

540 3627 680 3682 sima
714 3626 959 3697 dignitas
996 3642 1174 3697 neque
1210 3626 1383 3680 statui
1420 3642 1599 3697 neque
1636 3626 1938 3682 conditioni
1976 3644 2154 3699 neque
2182 3627 2328 3682 vitae
2364 3643 2518 3680 meae
2556 3627 2847 3681 conveniat
2881 3627 3208 3698 nullumque

541 3715 668 3770 inde
718 3714 1064 3772 commodum
1115 3714 1248 3769 mihi
1298 3715 1629 3784 sperandum
1679 3716 1783 3771 sit:
1850 3715 2115 3785 Venediy,
2164 3717 2311 3771 Bibl.
2351 3717 2532 3771 Marc.
2583 3715 2679 3770 lat.
2730 3715 2797 3771 cl.
2837 3715 2923 3770 IX
2974 3716 3094 3771 cod.
3133 3719 3206 3772 66

540 3803 633 3862 fol.
663 3804 874 3860 64—6‘1
909 3804 1056 3874 Oria.
1087 3835 1153 3843 —
1182 3804 1563 3860 Andererseits
1597 3806 1749 3860 hatte
1779 3805 1956 3861 Ernst
1992 3805 2110 3860 sich
2143 3805 2281 3859 kurz
2314 3822 2497 3873 zuvor,
2537 3822 2628 3860 am
2666 3809 2698 3857 1
2725 3803 2868 3874 Sept.
2891 3809 3049 3874 1533,
3087 3823 3208 3861 vom

541 3893 748 3963 Papste
792 3893 883 3948 ein
918 3893 1261 3948 Mandatum
1311 3894 1378 3948 de
1419 3893 1769 3962 providendo
1818 3894 1901 3949 bis
1947 3911 2050 3949 zur
2083 3893 2246 3948 Ho'he
2296 3910 2403 3948 von
2446 3898 2604 3949 2000
2638 3893 2905 3949 Dukaten
2941 3896 3209 3950 ertheilen

541 3984 752 4038 tannen:
804 3981 978 4050 Rom,
1027 3983 1195 4036 Arch.
1240 3984 1360 4038 Vat.
1398 3982 1552 4036 Arm.
1591 3983 1661 4038 39
1710 3982 1834 4037 Vol.
1872 3982 1944 4037 53
1980 3999 2034 4053 p.
2080 3983 2215 4036 1674
2264 4001 2343 4036 nr.
2384 3985 2518 4052 6123
2574 3984 2721 4038 auch
2764 3984 2917 4038 hatte
2951 3984 3069 4038 sich
3107 3983 3208 4038 der
3226 3991 3300 4044 35

535 4072 850 4141 piipsssichc
883 4071 1050 4126 Stuhl
1084 4070 1289 4126 Emwts
1324 4072 1486 4127 sowie
1522 4072 1615 4127 des
1651 4071 1911 4138 Bischofs
1948 4071 2180 4140 Philipp
2218 4090 2323 4128 von
2357 4072 2619 4141 Freisiny
2656 4073 2777 4127 und
2814 4072 2906 4128 des
2944 4072 3207 4126 Admini-

541 4165 778 4215 εὐναίου
810 4161 1039 4215 Johann
1092 4177 1198 4216 von
1244 4161 1599 4231 Reyensbury
1653 4163 1718 4216 in
1772 4162 1931 4216 ihren
1978 4161 2376 4216 Beschwerden
2426 4178 2597 4232 ysam
2653 4163 2742 4216 dic
2797 4163 3045 4232 Herzffye
3098 4180 3209 4218 von

541 4250 762 4305 Baicrn
795 4266 976 4319 weqen
1023 4250 1349 4306 kirchlicher
1394 4239 1691 4322 Uberyviffe
1738 4251 1837 4306 der
1885 4252 2141 4307 letztcrcn
2187 4267 2603 4322 anqenommen:
2652 4251 2823 4321 Rom,
2859 4253 3029 4309 Arch.
3078 4252 3205 4308 γαί.

542 4337 769 4394 Lettere
805 4338 889 4392 de'
927 4339 1167 4410 principi
1201 4339 1327 4394 Vol.
1364 4342 1399 4395 8
1435 4340 1529 4395 fol.
1573 4342 1671 4396 137
1708 4340 1831 4394 und
1871 4340 2065 4411 142sq.

687 4425 732 4498 ²)
777 4428 897 4482 Von
924 4428 1168 4494 Bischof
1188 4428 1446 4496 Christos
1465 4430 1852 4486 von‘Laibach
1889 4429 2062 4500 licam
2100 4434 2136 4484 3
2162 4429 2356 4497 Briefe
2393 4447 2471 4485 an
2508 4429 2762 4500 Veryerio
2797 4448 2890 4486 vor
2913 4430 3207 4502 (Venediq,
3225 4435 3301 4490 40

542 4516 691 4572 Bibe.
727 4516 911 4571 Marc.
950 4517 1044 4573 lat.
1084 4516 1150 4572 cl.
1179 4516 1266 4571 IX
1304 4517 1423 4573 cod.
1462 4519 1530 4572 66
1567 4517 1680 4574 foll.
1712 4520 1799 4574 43.
1838 4518 1925 4574 45.
1954 4520 2026 4573 47
2068 4517 2242 4585 Orr.),·
2279 4520 2431 4574 einer
2467 4520 2756 4588 dersclben,
2794 4537 2915 4576 vom
2944 4525 3013 4576 10
3037 4522 3209 4577 Mera

542 4608 709 4673 1534,
755 4605 858 4660 mit
893 4605 1286 4676 Danksayuny
1332 4605 1433 4672 fiir
1479 4608 1639 4663 einen
1687 4625 1808 4663 vom
1844 4607 2100 4664 Nuntius
2154 4607 2269 4664 ihm
2318 4609 2603 4665 moirktcn
2639 4609 2927 4677 Aufschub
2966 4610 3061 4666 cles
3098 4612 3206 4668 Be-

540 4695 729 4778 suches
767 4694 865 4750 der
901 4696 1099 4750 limina
1135 4696 1523 4767 apostolorum.
