3500 5300
1221 366 1319 421 No.
1358 368 1451 422 23:
1495 369 1629 422 1537
1669 368 1901 421 Febrnar
1940 370 2020 422 12.
2858 365 2960 426 113

294 564 706 628 ricercavano
763 563 928 628 ch'io
987 585 1167 629 come
1225 566 1458 628 nuncio
1516 563 1582 629 di
1630 562 1765 629 Sua
1809 565 2061 630 Santita
2118 566 2350 629 volessi
2410 565 2570 630 darli
2614 565 2959 632 l'auttorita
3032 572 3171 622 1537

296 668 362 733 di
409 678 594 755 poter
637 672 892 755 exigere
936 671 1000 735 la
1044 693 1293 735 summa
1337 668 1405 734 di
1450 679 1546 736 tre
1602 672 1809 736 fiorini
1870 693 1985 756 per
2029 674 2328 736 ciascuno
2387 672 2717 737 sacerdote
2762 672 2957 737 bene-
2976 638 3123 693 ΓΜ·
3161 644 3229 693 12

291 776 522 842 ficiat0.

469 882 547 947 Io
595 882 722 950 feci
779 884 1151 971 rispondere
1209 907 1247 949 a
1307 883 1438 949 Sua
1495 884 1750 949 Maesta
1804 883 1970 949 ch’io
2027 906 2156 949 non
2223 884 2501 973 haveva·
2543 889 2844 951 auttorita
2888 887 2953 951 di

238 1012 273 1065 5
292 990 429 1055 fare
488 992 614 1056 tale
671 999 875 1071 tassa,
942 992 1006 1056 la
1063 992 1249 1076 quale
1309 994 1374 1055 in
1447 1013 1805 1077 apparenza
1867 1014 1974 1056 era
2031 999 2253 1057 contra
2305 991 2683 1057 l'immunita
2751 993 2954 1058 eccle-

290 1100 581 1175 siastica,
640 1105 706 1161 et
764 1098 884 1162 che
929 1098 1168 1162 Nostro
1215 1096 1484 1183 Signore
1542 1099 1627 1161 fin
1688 1119 1725 1162 a
1785 1101 1896 1183 qui
1958 1120 2074 1184 per
2117 1120 2497 1164 occorrenza
2554 1100 2782 1164 alcuna
2826 1122 2951 1163 non

290 1204 544 1269 haveva
590 1206 811 1269 voluto
855 1227 1123 1291 gravare
1171 1206 1217 1269 il
1262 1206 1432 1269 clero
1480 1203 1546 1268 di
1592 1204 1822 1270 alcuna
1867 1207 2215 1290 provincia.
2307 1209 2431 1270 essi
2463 1205 2713 1290 Ungari
2759 1205 2949 1292 dapoi

290 1314 681 1377 unitamente
711 1310 1101 1376 mandarono
1148 1334 1187 1376 a
1225 1313 1537 1398 pregarmi
1585 1332 1700 1397 per
1739 1321 1984 1396 quest0,
2015 1311 2377 1377 facendomi
2425 1312 2701 1377 anchora
2746 1315 2952 1377 inten-

289 1417 443 1483 dere
488 1419 607 1484 che
652 1420 697 1483 li
756 1400 983 1505 prelati
1054 1420 1292 1504 proprii
1362 1418 1571 1483 hanno
1611 1417 1806 1483 'satta
1873 1427 2100 1504 questa
2160 1427 2334 1483 tassa
2390 1441 2506 1505 per
2548 1420 2613 1484 la
2656 1428 2950 1505 presente

196 1546 267 1600 10
285 1528 620 1606 necessita,
666 1533 731 1591 et
775 1526 820 1590 il
863 1548 933 1589 re
973 1526 1354 1590 similmente
1399 1527 1486 1590 mi
1536 1524 1677 1590 fece
1708 1523 1845 1589 dire
1891 1524 2057 1590 ch’io
2103 1546 2184 1590 ne
2213 1528 2512 1591 scrivcssi
2560 1548 2598 1590 a
2628 1524 2759 1590 Sua
2789 1525 2951 1590 San-

283 1634 404 1697 tita
450 1654 630 1697 come
675 1632 917 1698 saccio:
979 1641 1044 1697 et
1088 1637 1224 1697 cosi
1270 1631 1360 1698 V.
1410 1631 1473 1697 S.
1520 1636 1704 1717 potra
1751 1630 1888 1696 dire
1935 1654 1971 1697 a
2022 1630 2154 1696 Sua
2197 1631 2611 1697 Beatitudine
2657 1632 2775 1698 che
2821 1654 2949 1697 non

283 1738 600 1804 bastando
644 1739 705 1804 le
751 1739 992 1804 faculta
1048 1739 1130 1804 de
1184 1740 1228 1803 li
1287 1741 1524 1823 signori
1584 1738 1919 1824 temporali
1980 1737 2086 1803 del
2143 1760 2339 1824 regno
2398 1762 2512 1825 per
2567 1748 2793 1824 questa
2837 1738 2949 1803 de-

282 1845 577 1911 fensione
623 1853 688 1911 et
733 1845 1003 1911 essendo
1049 1847 1095 1910 il
1153 1846 1433 1931 pericolo
1493 1851 1628 1909 cosi
1689 1852 1982 1931 presente
2035 1867 2217 1910 come
2274 1846 2396 1930 egli
2445 1852 2509 1925 e,
2569 1855 2632 1910 et
2677 1845 2947 1911 essendo

281 1953 327 2016 li
373 1952 598 2038 prelati
646 1955 886 2038 proprii
932 1975 1047 2039 per
1090 1953 1155 2018 la
1198 1954 1487 2037 maggior
1530 1961 1712 2038 parte
1758 1955 1909 2017 stati
1955 1956 2234 2038 presenti
2281 1975 2319 2017 a
2365 1961 2588 2038 questa
2633 1952 2947 2018 delibera-

192 2078 262 2133 15
280 2062 473 2139 tione,
517 2059 810 2126 com’essi
855 2059 1152 2125 m’hanno
1197 2059 1487 2143 allegato,
1534 2057 1664 2123 Sua
1707 2057 2122 2124 Beatitudine
2180 2065 2363 2145 poti-a
2412 2081 2621 2124 essere
2666 2062 2945 2145 gratiosa

282 2165 350 2231 di
395 2167 608 2251 quello
653 2167 776 2253 che
817 2166 991 2231 forse
1035 2188 1228 2231 senza
1271 2165 1618 2230 l’auttorita
1663 2166 1745 2230 de
1800 2167 1863 2231 la
1915 2166 2071 2231 sede
2130 2167 2479 2252 apostolica
2536 2166 2943 2232 havrebbeno

282 2281 538 2338 exacto:
611 2284 677 2338 et
743 2277 812 2338 in
878 2282 1102 2359 questo
1171 2272 1517 2365 s'accresce
1583 2272 1931 2337 l'auttorita
2000 2271 2066 2336 di
2115 2271 2243 2337 Sua
2291 2271 2541 2337 Santita
2600 2283 2664 2337 et
2720 2283 2942 2359 queste

280 2382 598 2445 exactioni
645 2402 873 2446 sarano
920 2380 1226 2445 collocate
1273 2382 1340 2444 in
1370 2379 1521 2444 boni
1570 2382 1668 2443 usi
1699 2386 1781 2443 ne
1826 2400 2052 2443 sarano
2084 2377 2450 2465 dispensate
2497 2402 2535 2443 o
2581 2378 2942 2445 distribuite

277 2509 395 2573 per
439 2509 626 2552 mano
657 2485 866 2552 d'altri
912 2487 1031 2552 che
1077 2485 1159 2550 de
1204 2486 1251 2550 li
1298 2488 1537 2573 proprii
1583 2487 1889 2571 reg-nicoli
1921 2484 2209 2572 deputati
2242 2489 2633 2551 unitamente
2666 2485 2747 2550 da
2778 2496 2943 2552 tutta

186 2594 342 2668 2ola
384 2595 718 2681 provincia
761 2616 877 2681 per
920 2592 1273 2681 provedere
1320 2617 1358 2659 a
1404 2601 1629 2680 questa
1675 2591 2047 2659 defensione
2078 2597 2141 2676 ¹).

454 2700 674 2788 Hoggi
720 2705 921 2768 siamo
966 2704 1168 2788 gionti
1216 2704 1328 2787 qui
1374 2725 1412 2766 a
1457 2701 1693 2779 Lince,
1751 2709 1818 2764 et
1878 2700 2221 2766 anderemo
2268 2724 2307 2766 a
2352 2700 2656 2780 Patavia,
2714 2723 2836 2767 ove
2883 2706 2936 2767 si
2960 2703 3022 2757 F
3024 2703 3100 2757 br·
3141 2707 3210 2758 12

273 2811 601 2874 riti-ovano
645 2811 798 2873 tutti
843 2809 887 2872 li
950 2810 1225 2894 principi
1285 2807 1353 2873 di
1406 2807 1687 2873 Bavaria
1739 2829 1855 2893 per
1911 2806 2263 2872 deliberare
2330 2807 2550 2872 l'aiuto
2608 2818 2831 2874 contra
2892 2810 2937 2874 il

271 2914 488 2980 Turco
549 2923 614 2979 et
670 2936 787 3002 per
840 2918 1100 2980 armarsi
1149 2924 1373 2980 contra
1428 2914 1474 2978 li
1535 2916 1810 3001 principi
1871 2914 2215 2993 lutherani,
2284 2937 2354 2979 se
2423 2917 2477 2978 si
2546 2916 2936 2981 risolverano

272 3022 444 3087 nella
489 3044 604 3088 sua
649 3021 842 3101 dieta,
887 3044 1069 3087 come
1114 3024 1170 3086 si
1215 3020 1439 3086 dubita
1465 3024 1532 3103 ²),
1577 3020 1645 3086 di
1690 3021 1829 3086 fare
1873 3044 2101 3106 guerra
2161 3021 2269 3087 alli
2329 3025 2589 3087 vescovi
2652 3032 2717 3087 et
2763 3026 2937 3109 prin-

182 3147 253 3201 25
272 3130 405 3214 cipi
452 3128 768 3207 catholici,
814 3129 1152 3194 fomentati
1200 3126 1303 3193 da]
1351 3151 1420 3192 re
1467 3127 1534 3192 di
1579 3126 1858 3193 Francia
1904 3138 1968 3192 et
2012 3131 2235 3192 aiutati
2282 3127 2448 3193 dalle
2495 3131 2934 3214 potentissime

271 3243 439 3300 terre
485 3234 824 3316 franche⁸).
914 3257 1103 3322 spero
1161 3234 1455 3301 ch'Iddio
1523 3234 1678 3299 dara
1744 3234 1919 3298 forza
1977 3258 2018 3299 a
2076 3235 2121 3298 li
2178 3234 2375 3299 buoni
2430 3235 2496 3299 di
2554 3239 2850 3301 resistere
2896 3260 2935 3301 a

270 3344 482 3427 questi
528 3341 774 3428 perfidi,
819 3352 1230 3429 quantunque
1276 3345 1330 3406 si
1377 3344 1502 3407 stia
1546 3363 1667 3407 con
1712 3340 1970 3407 l’animo
2015 3342 2212 3405 molto
2247 3363 2530 3428 sospem,
2574 3343 2807 3428 perche
2852 3365 2932 3408 ne

1808 3449 1823 3486 ἱ

415 3577 457 3624 a)
489 3574 731 3616 romentati
761 3595 812 3604 —
841 3573 1020 3616 francho
1049 3576 1094 3613 in
1127 3574 1331 3625 Ghifferu:
1358 3574 1595 3624 Aequcimma
1624 3573 1717 3622 &091
1743 3574 1817 3614 bei.

418 3681 461 3751 ¹)
499 3681 618 3736 Der
665 3680 1101 3753 „strigoniensis
1116 3680 1148 3709 “
1194 3680 1554 3747 (Erebischof
1590 3680 1742 3734 Paul
1784 3697 1890 3735 von
1938 3680 2122 3741 Gran)
2167 3681 2375 3736 solu-iel>
2423 3699 2513 3736 am
2555 3685 2627 3736 17
2673 3683 2931 3739 Februar

175 3784 337 3839 30ex
389 3788 518 3826 arce
555 3769 818 3842 Sempthe
865 3788 944 3824 an
981 3770 1242 3837 Morene,
1292 3769 1556 3825 nachorem
1591 3786 1652 3823 er
1685 3769 1802 3824 sich
1836 3769 1932 3835 fi'vr
1966 3770 2097 3824 Ma
2133 3771 2386 3824 Antwort
2421 3769 2538 3835 aus
2574 3772 2695 3825 eine
2731 3771 2929 3826 diesem

267 3860 625 3915 aber-brachie
659 3859 1149 3929 Entsehuldiqunq
1193 3860 1367 3914 seina
1401 3858 1845 3914 Nichtkommens
1888 3858 2125 3912 bedankt
2138 3877 2155 3911 .·
2198 3858 2512 3913 Articulum
2551 3877 2662 3930 quo
2698 3860 2766 3915 de
2801 3868 2931 3915 tua

266 3968 303 4004 a
339 3949 679 4021 presbyteris
714 3949 982 4019 exigenda
1027 3945 1390 4003 constitutum
1426 3953 1538 4014 est,
1588 3946 1937 4018 presentibus
1974 3948 2246 4001 inclusum
2286 3947 2656 4003 Dominationi
2695 3949 2928 4005 Vestrae

265 4039 418 4094 Runa·
457 4039 772 4094 transmitto
808 4035 968 4108 [lieqt
1012 4038 1166 4092 nicht
1211 4035 1362 4108 bei],·
1408 4053 1468 4091 er
1513 4037 1666 4090 bittet
1713 4037 1948 4090 Morene
1996 4036 2237 4105 baldiyst
2288 4038 2427 4092 beim
2475 4036 2681 4107 Papstc
2728 4056 2926 4093 (1148214-

263 4128 476 4184 wirken
511 4135 576 4183 ut
608 4128 814 4199 possim
850 4128 1169 4199 permittere
1205 4126 1358 4181 salva
1390 4132 1561 4197 atque
1610 4126 1830 4196 integra
1865 4124 2200 4181 conscientia
2237 4142 2360 4180 mea
2393 4132 2577 4181 taxam
2614 4127 2926 4198 hujusmodi

173 4217 429 4289 35exigi.
502 4217 754 4288 equidem
804 4215 1060 4272 omnibus
1107 4232 1194 4270 me
1242 4214 1451 4269 viribus
1487 4214 1716 4286 opposui
1768 4214 1967 4285 egique
2016 4223 2073 4269 et
2120 4232 2245 4269 cum
2296 4213 2475 4287 Regia
2526 4215 2816 4286 Majestate
2870 4225 2928 4272 et

264 4306 493 4378 reliquis
530 4305 856 4362 consiliariis
893 4323 960 4361 ne
997 4306 1212 4360 insueto
1248 4306 1354 4360 hoc
1390 4320 1553 4359 onere
1589 4301 1900 4374 presbyteri
1928 4311 2322 4375 gravarentur3
2359 4304 2507 4376 quod
2544 4304 2589 4358 si
2628 4305 2760 4376 quid
2798 4322 2923 4361 con-

265 4395 621 4451 tribuendum
657 4403 829 4465 esset‚
856 4396 1029 4450 honor
1056 4400 1113 4449 et
1138 4394 1447 4449 authoritas
1475 4399 1699 4448 sanetae
1727 4392 1873 4447 sedis
1897 4392 2233 4464 apostolicae
2260 4393 2317 4446 in
2345 4409 2410 4448 ea
2436 4410 2495 4447 re
2522 4392 2922 4449 observaretur.

264 4491 560 4557 postquam
597 4492 780 4541 tamen
827 4484 907 4540 ita
941 4484 1224 4539 decretum
1274 4490 1359 4538 est
1395 4482 1638 4553 mihique
1685 4481 2033 4553 potissimum
2078 4482 2215 4537 haec
2263 4482 2538 4553 provintia
2585 4484 2923 4538 exactionem

265 4574 493 4630 curandi
534 4616 545 4629 .
579 4616 591 4628 .
623 4619 634 4629 .
674 4580 761 4629 est
794 4573 1150 4643 demandata,
1200 4589 1319 4627 mos
1366 4572 1639 4644 gerendus
1685 4578 1773 4626 est
1808 4570 2087 4642 Majestati
2127 4570 2285 4625 Suae.
2372 4571 2607 4638 Parma,
2656 4572 2822 4628 Arch.
2860 4572 2924 4626 di

170 4662 426 4730 4oStato
461 4662 759 4736 Carteggio
797 4661 1019 4718 Fames.
1063 4661 1213 4732 Θήρ.
1287 4662 1411 4731 Vyl.
1448 4666 1627 4717 antea
1659 4677 1746 4715 nr.
1783 4663 1875 4716 26.

406 4752 452 4822 ²)
491 4752 547 4807 S.
585 4769 632 4807 ο.
669 4769 755 4807 nr.
793 4756 878 4808 21.

367 4857 987 4906 Nuntium-horiente.
1017 4858 1134 4898 erote
1163 4856 1446 4907 Abtheilunffi
1476 4854 1554 4897 ΒΔ.
1585 4854 1642 4897 11.
2460 4841 2495 4893 8
