<?xml version="1.0" encoding="UTF-8"?>
<!DOCTYPE html PUBLIC "-//W3C//DTD XHTML 1.0 Transitional//EN"
    "http://www.w3.org/TR/xhtml1/DTD/xhtml1-transitional.dtd">
<html xmlns="http://www.w3.org/1999/xhtml" xml:lang="en" lang="en">
 <head>
  <title>
</title>
<meta http-equiv="Content-Type" content="text/html;charset=utf-8" />
  <meta name='ocr-system' content='tesseract 3.04.00' />
  <meta name='ocr-capabilities' content='ocr_page ocr_carea ocr_par ocr_line ocrx_word'/>
</head>
<body>
  <div class='ocr_page' id='page_1' title='image "./nuntiaturberich02deugoog_0978.png"; bbox 0 0 3500 5300; ppageno 0'>
   <div class='ocr_carea' id='block_1_1' title="bbox 1220 368 2903 442">
    <p class='ocr_par' dir='ltr' id='par_1_1' title="bbox 1220 368 2903 442">
     <span class='ocr_line' id='line_1_1' title="bbox 1220 368 2903 442; baseline 0.003 -17"><span class='ocrx_word' id='word_1_1' title='bbox 1220 369 1319 426; x_wconf 74' lang='lat' dir='ltr'>No.</span> <span class='ocrx_word' id='word_1_2' title='bbox 1356 372 1453 426; x_wconf 83' lang='lat'>88:</span> <span class='ocrx_word' id='word_1_3' title='bbox 1495 373 1631 427; x_wconf 81' lang='lat'>1538</span> <span class='ocrx_word' id='word_1_4' title='bbox 1670 371 1820 442; x_wconf 83' lang='lat' dir='ltr'>April</span> <span class='ocrx_word' id='word_1_5' title='bbox 1855 371 1942 427; x_wconf 81' lang='lat'>27.</span> <span class='ocrx_word' id='word_1_6' title='bbox 2799 368 2903 430; x_wconf 78' lang='lat'>281</span> 
     </span>
    </p>
   </div>
   <div class='ocr_carea' id='block_1_2' title="bbox 146 564 2911 3868">
    <p class='ocr_par' dir='ltr' id='par_1_2' title="bbox 156 564 2911 2368">
     <span class='ocr_line' id='line_1_2' title="bbox 251 564 2906 653; baseline 0.001 -24"><span class='ocrx_word' id='word_1_7' title='bbox 251 564 499 630; x_wconf 66' lang='lat' dir='ltr'>Maesta</span> <span class='ocrx_word' id='word_1_8' title='bbox 557 567 609 631; x_wconf 87' lang='lat' dir='ltr'>si</span> <span class='ocrx_word' id='word_1_9' title='bbox 668 567 705 631; x_wconf 75' lang='grc'>0</span> <span class='ocrx_word' id='word_1_10' title='bbox 763 565 1453 653; x_wconf 86' lang='lat' dir='ltr'>diligentissimamente</span> <span class='ocrx_word' id='word_1_11' title='bbox 1515 569 1835 633; x_wconf 84' lang='lat' dir='ltr'>affaticato</span> <span class='ocrx_word' id='word_1_12' title='bbox 1895 591 1935 632; x_wconf 89' lang='lat' dir='ltr'>a</span> <span class='ocrx_word' id='word_1_13' title='bbox 1991 568 2125 633; x_wconf 86' lang='lat' dir='ltr'>fare</span> <span class='ocrx_word' id='word_1_14' title='bbox 2182 569 2286 632; x_wconf 85' lang='lat' dir='ltr'>un’</span> <span class='ocrx_word' id='word_1_15' title='bbox 2336 570 2567 633; x_wconf 89' lang='lat' dir='ltr'>unione</span> <span class='ocrx_word' id='word_1_16' title='bbox 2627 568 2706 635; x_wconf 93' lang='lat' dir='ltr'>de</span> <span class='ocrx_word' id='word_1_17' title='bbox 2761 571 2906 633; x_wconf 80' lang='lat' dir='ltr'>tutti</span> 
     </span>
     <span class='ocr_line' id='line_1_3' title="bbox 250 670 2905 762; baseline 0.002 -28"><span class='ocrx_word' id='word_1_18' title='bbox 250 670 295 734; x_wconf 92' lang='lat' dir='ltr'>li</span> <span class='ocrx_word' id='word_1_19' title='bbox 340 673 608 759; x_wconf 81' lang='lat' dir='ltr'>principi</span> <span class='ocrx_word' id='word_1_20' title='bbox 669 672 960 738; x_wconf 84' lang='lat' dir='ltr'><strong>catholici</strong></span> <span class='ocrx_word' id='word_1_21' title='bbox 1019 696 1134 760; x_wconf 90' lang='lat' dir='ltr'>per</span> <span class='ocrx_word' id='word_1_22' title='bbox 1185 675 1472 740; x_wconf 89' lang='lat' dir='ltr'>resistere</span> <span class='ocrx_word' id='word_1_23' title='bbox 1518 674 1623 739; x_wconf 87' lang='lat' dir='ltr'>alli</span> <span class='ocrx_word' id='word_1_24' title='bbox 1669 677 1984 740; x_wconf 88' lang='lat' dir='ltr'>temerarii</span> <span class='ocrx_word' id='word_1_25' title='bbox 2030 677 2240 740; x_wconf 90' lang='lat' dir='ltr'>conati</span> <span class='ocrx_word' id='word_1_26' title='bbox 2300 676 2365 739; x_wconf 89' lang='lat' dir='ltr'>di</span> <span class='ocrx_word' id='word_1_27' title='bbox 2427 677 2628 762; x_wconf 81' lang='lat' dir='ltr'><strong>questi</strong></span> <span class='ocrx_word' id='word_1_28' title='bbox 2675 675 2905 740; x_wconf 88' lang='lat' dir='ltr'>Luthe-</span> 
     </span>
     <span class='ocr_line' id='line_1_4' title="bbox 251 779 2908 870; baseline 0.001 -27"><span class='ocrx_word' id='word_1_29' title='bbox 251 781 420 863; x_wconf 86' lang='lat' dir='ltr'>rani,</span> <span class='ocrx_word' id='word_1_30' title='bbox 467 787 531 845; x_wconf 87' lang='lat' dir='ltr'>et</span> <span class='ocrx_word' id='word_1_31' title='bbox 575 780 828 845; x_wconf 90' lang='lat' dir='ltr'>tandem</span> <span class='ocrx_word' id='word_1_32' title='bbox 878 779 1043 844; x_wconf 89' lang='lat' dir='ltr'>hano</span> <span class='ocrx_word' id='word_1_33' title='bbox 1088 782 1243 846; x_wconf 89' lang='lat' dir='ltr'>fatto</span> <span class='ocrx_word' id='word_1_34' title='bbox 1293 781 1515 846; x_wconf 88' lang='lat' dir='ltr'>alcune</span> <span class='ocrx_word' id='word_1_35' title='bbox 1561 782 2057 847; x_wconf 87' lang='lat' dir='ltr'>confederationi</span> <span class='ocrx_word' id='word_1_36' title='bbox 2118 789 2354 848; x_wconf 89' lang='lat' dir='ltr'>secrete</span> <span class='ocrx_word' id='word_1_37' title='bbox 2388 786 2468 865; x_wconf 87' lang='lat'>¹),</span> <span class='ocrx_word' id='word_1_38' title='bbox 2529 781 2690 848; x_wconf 90' lang='lat' dir='ltr'>nelle</span> <span class='ocrx_word' id='word_1_39' title='bbox 2738 782 2908 870; x_wconf 87' lang='lat' dir='ltr'>quali</span> 
     </span>
     <span class='ocr_line' id='line_1_5' title="bbox 249 885 2907 976; baseline 0.002 -27"><span class='ocrx_word' id='word_1_40' title='bbox 249 885 337 949; x_wconf 88' lang='lat' dir='ltr'>fin</span> <span class='ocrx_word' id='word_1_41' title='bbox 386 888 494 974; x_wconf 89' lang='lat' dir='ltr'>qui</span> <span class='ocrx_word' id='word_1_42' title='bbox 541 910 693 951; x_wconf 89' lang='lat' dir='ltr'>sono</span> <span class='ocrx_word' id='word_1_43' title='bbox 740 888 958 953; x_wconf 86' lang='lat' dir='ltr'>intrati</span> <span class='ocrx_word' id='word_1_44' title='bbox 1002 887 1090 974; x_wconf 85' lang='lat' dir='ltr'>gli</span> <span class='ocrx_word' id='word_1_45' title='bbox 1138 889 1499 953; x_wconf 87' lang='lat' dir='ltr'>infrascritti</span> <span class='ocrx_word' id='word_1_46' title='bbox 1546 890 1849 976; x_wconf 83' lang='lat' dir='ltr'>principi:</span> <span class='ocrx_word' id='word_1_47' title='bbox 1897 888 1958 954; x_wconf 90' lang='lat' dir='ltr'>la</span> <span class='ocrx_word' id='word_1_48' title='bbox 2004 889 2275 954; x_wconf 81' lang='lat' dir='ltr'>Cesarea</span> <span class='ocrx_word' id='word_1_49' title='bbox 2322 890 2583 972; x_wconf 72' lang='lat' dir='ltr'>Maesta,</span> <span class='ocrx_word' id='word_1_50' title='bbox 2630 888 2673 952; x_wconf 89' lang='lat' dir='ltr'>il</span> <span class='ocrx_word' id='word_1_51' title='bbox 2722 889 2907 955; x_wconf 69' lang='lat' dir='ltr'>Sermo</span> 
     </span>
     <span class='ocr_line' id='line_1_6' title="bbox 197 992 2906 1081; baseline 0.001 -25"><span class='ocrx_word' id='word_1_52' title='bbox 197 1005 318 1057; x_wconf 72' lang='grc'>510</span> <span class='ocrx_word' id='word_1_53' title='bbox 376 992 455 1057; x_wconf 90' lang='lat' dir='ltr'>de</span> <span class='ocrx_word' id='word_1_54' title='bbox 499 993 798 1076; x_wconf 87' lang='lat' dir='ltr'>Romani,</span> <span class='ocrx_word' id='word_1_55' title='bbox 859 993 902 1058; x_wconf 92' lang='lat' dir='ltr'>il</span> <span class='ocrx_word' id='word_1_56' title='bbox 964 994 1281 1060; x_wconf 80' lang='lat' dir='ltr'>cardinale</span> <span class='ocrx_word' id='word_1_57' title='bbox 1328 996 1702 1081; x_wconf 77' lang='lat' dir='ltr'>Magantino</span> <span class='ocrx_word' id='word_1_58' title='bbox 1763 995 2051 1078; x_wconf 84' lang='lat' dir='ltr'>elettore,</span> <span class='ocrx_word' id='word_1_59' title='bbox 2114 996 2156 1060; x_wconf 93' lang='lat' dir='ltr'>il</span> <span class='ocrx_word' id='word_1_60' title='bbox 2215 995 2536 1060; x_wconf 84' lang='lat' dir='ltr'>cardinale</span> <span class='ocrx_word' id='word_1_61' title='bbox 2599 997 2663 1059; x_wconf 89' lang='lat' dir='ltr'>di</span> <span class='ocrx_word' id='word_1_62' title='bbox 2712 996 2906 1060; x_wconf 85' lang='lat' dir='ltr'>Saltz—</span> 
     </span>
     <span class='ocr_line' id='line_1_7' title="bbox 247 1098 2908 1186; baseline 0.002 -23"><span class='ocrx_word' id='word_1_63' title='bbox 247 1098 470 1186; x_wconf 81' lang='lat' dir='ltr'>purch,</span> <span class='ocrx_word' id='word_1_64' title='bbox 515 1100 562 1164; x_wconf 95' lang='lat' dir='ltr'>li</span> <span class='ocrx_word' id='word_1_65' title='bbox 608 1101 798 1165; x_wconf 89' lang='lat' dir='ltr'>duchi</span> <span class='ocrx_word' id='word_1_66' title='bbox 843 1101 910 1164; x_wconf 84' lang='lat' dir='ltr'>di</span> <span class='ocrx_word' id='word_1_67' title='bbox 954 1102 1206 1167; x_wconf 87' lang='lat' dir='ltr'>Bavera</span> <span class='ocrx_word' id='word_1_68' title='bbox 1251 1104 1387 1167; x_wconf 76' lang='lat' dir='ltr'>cioe</span> <span class='ocrx_word' id='word_1_69' title='bbox 1432 1102 1476 1167; x_wconf 88' lang='lat' dir='ltr'>il</span> <span class='ocrx_word' id='word_1_70' title='bbox 1522 1103 1690 1167; x_wconf 89' lang='lat' dir='ltr'>duca</span> <span class='ocrx_word' id='word_1_71' title='bbox 1736 1103 2064 1167; x_wconf 87' lang='lat' dir='ltr'>Ludovico</span> <span class='ocrx_word' id='word_1_72' title='bbox 2111 1115 2173 1168; x_wconf 90' lang='lat' dir='ltr'>et</span> <span class='ocrx_word' id='word_1_73' title='bbox 2226 1104 2271 1168; x_wconf 92' lang='lat' dir='ltr'>il</span> <span class='ocrx_word' id='word_1_74' title='bbox 2315 1104 2480 1168; x_wconf 89' lang='lat' dir='ltr'>duca</span> <span class='ocrx_word' id='word_1_75' title='bbox 2528 1102 2908 1183; x_wconf 82' lang='lat' dir='ltr'>Guilhelm0‚</span> 
     </span>
     <span class='ocr_line' id='line_1_8' title="bbox 248 1205 2908 1297; baseline 0.001 -27"><span class='ocrx_word' id='word_1_76' title='bbox 248 1205 293 1270; x_wconf 89' lang='lat' dir='ltr'>li</span> <span class='ocrx_word' id='word_1_77' title='bbox 351 1206 463 1271; x_wconf 89' lang='lat' dir='ltr'>dui</span> <span class='ocrx_word' id='word_1_78' title='bbox 520 1207 711 1272; x_wconf 90' lang='lat' dir='ltr'>duchi</span> <span class='ocrx_word' id='word_1_79' title='bbox 762 1207 1018 1272; x_wconf 87' lang='lat' dir='ltr'>Henrici</span> <span class='ocrx_word' id='word_1_80' title='bbox 1080 1209 1146 1272; x_wconf 87' lang='lat' dir='ltr'>di</span> <span class='ocrx_word' id='word_1_81' title='bbox 1205 1208 1761 1292; x_wconf 80' lang='lat' dir='ltr'>Brandemburch,</span> <span class='ocrx_word' id='word_1_82' title='bbox 1823 1210 1887 1274; x_wconf 89' lang='lat' dir='ltr'>di</span> <span class='ocrx_word' id='word_1_83' title='bbox 1948 1209 2118 1297; x_wconf 87' lang='lat' dir='ltr'>quali</span> <span class='ocrx_word' id='word_1_84' title='bbox 2167 1234 2291 1274; x_wconf 89' lang='lat' dir='ltr'>uno</span> <span class='ocrx_word' id='word_1_85' title='bbox 2339 1212 2374 1274; x_wconf 75' lang='lat' dir='ltr'>e</span> <span class='ocrx_word' id='word_1_86' title='bbox 2436 1210 2692 1275; x_wconf 84' lang='lat' dir='ltr'>elettore</span> <span class='ocrx_word' id='word_1_87' title='bbox 2720 1209 2805 1297; x_wconf 74' lang='lat'>²),</span> <span class='ocrx_word' id='word_1_88' title='bbox 2865 1209 2908 1273; x_wconf 92' lang='lat' dir='ltr'>il</span> 
     </span>
     <span class='ocr_line' id='line_1_9' title="bbox 248 1313 2907 1400; baseline 0.001 -22"><span class='ocrx_word' id='word_1_89' title='bbox 248 1313 416 1379; x_wconf 86' lang='lat' dir='ltr'>duca</span> <span class='ocrx_word' id='word_1_90' title='bbox 460 1313 736 1400; x_wconf 82' lang='lat' dir='ltr'>Georgio</span> <span class='ocrx_word' id='word_1_91' title='bbox 796 1315 861 1379; x_wconf 89' lang='lat' dir='ltr'>di</span> <span class='ocrx_word' id='word_1_92' title='bbox 920 1316 1199 1380; x_wconf 84' lang='lat' dir='ltr'>Saxonia</span> <span class='ocrx_word' id='word_1_93' title='bbox 1258 1327 1322 1380; x_wconf 90' lang='lat' dir='ltr'>et</span> <span class='ocrx_word' id='word_1_94' title='bbox 1379 1316 1423 1381; x_wconf 89' lang='lat' dir='ltr'>il</span> <span class='ocrx_word' id='word_1_95' title='bbox 1470 1317 1635 1381; x_wconf 88' lang='lat' dir='ltr'>duca</span> <span class='ocrx_word' id='word_1_96' title='bbox 1689 1318 1754 1380; x_wconf 91' lang='lat' dir='ltr'>di</span> <span class='ocrx_word' id='word_1_97' title='bbox 1817 1317 2216 1400; x_wconf 87' lang='lat' dir='ltr'>Branswich,</span> <span class='ocrx_word' id='word_1_98' title='bbox 2276 1326 2339 1382; x_wconf 89' lang='lat' dir='ltr'>et</span> <span class='ocrx_word' id='word_1_99' title='bbox 2397 1318 2907 1381; x_wconf 87' lang='lat' dir='ltr'>continuamente</span> 
     </span>
     <span class='ocr_line' id='line_1_10' title="bbox 248 1422 2908 1511; baseline 0 -25"><span class='ocrx_word' id='word_1_100' title='bbox 248 1444 414 1486; x_wconf 87' lang='lat' dir='ltr'>vano</span> <span class='ocrx_word' id='word_1_101' title='bbox 460 1422 820 1487; x_wconf 90' lang='lat' dir='ltr'>reducendo</span> <span class='ocrx_word' id='word_1_102' title='bbox 867 1422 911 1486; x_wconf 93' lang='lat' dir='ltr'>li</span> <span class='ocrx_word' id='word_1_103' title='bbox 957 1422 1101 1487; x_wconf 81' lang='lat' dir='ltr'>altri</span> <span class='ocrx_word' id='word_1_104' title='bbox 1146 1433 1208 1489; x_wconf 88' lang='lat' dir='ltr'>et</span> <span class='ocrx_word' id='word_1_105' title='bbox 1254 1426 1303 1488; x_wconf 88' lang='lat' dir='ltr'>si</span> <span class='ocrx_word' id='word_1_106' title='bbox 1353 1426 1517 1488; x_wconf 88' lang='lat' dir='ltr'>tiene</span> <span class='ocrx_word' id='word_1_107' title='bbox 1562 1447 1677 1510; x_wconf 89' lang='lat' dir='ltr'>per</span> <span class='ocrx_word' id='word_1_108' title='bbox 1737 1434 1908 1489; x_wconf 91' lang='lat' dir='ltr'>certo</span> <span class='ocrx_word' id='word_1_109' title='bbox 1969 1423 2085 1488; x_wconf 91' lang='lat' dir='ltr'>che</span> <span class='ocrx_word' id='word_1_110' title='bbox 2129 1425 2307 1511; x_wconf 84' lang='lat' dir='ltr'>quasi</span> <span class='ocrx_word' id='word_1_111' title='bbox 2354 1425 2497 1487; x_wconf 86' lang='lat' dir='ltr'>tutti</span> <span class='ocrx_word' id='word_1_112' title='bbox 2547 1422 2589 1486; x_wconf 90' lang='lat' dir='ltr'>li</span> <span class='ocrx_word' id='word_1_113' title='bbox 2635 1424 2908 1510; x_wconf 80' lang='lat' dir='ltr'>principi</span> 
     </span>
     <span class='ocr_line' id='line_1_11' title="bbox 156 1528 2907 1619; baseline 0 -26"><span class='ocrx_word' id='word_1_114' title='bbox 156 1543 228 1594; x_wconf 87' lang='lat'>10</span> <span class='ocrx_word' id='word_1_115' title='bbox 248 1528 653 1595; x_wconf 84' lang='lat' dir='ltr'>ecclesiastici</span> <span class='ocrx_word' id='word_1_116' title='bbox 716 1539 778 1595; x_wconf 88' lang='lat' dir='ltr'>et</span> <span class='ocrx_word' id='word_1_117' title='bbox 830 1530 975 1595; x_wconf 90' lang='lat' dir='ltr'>laici</span> <span class='ocrx_word' id='word_1_118' title='bbox 1022 1554 1462 1596; x_wconf 88' lang='lat' dir='ltr'>convenerano</span> <span class='ocrx_word' id='word_1_119' title='bbox 1507 1533 1572 1595; x_wconf 91' lang='lat' dir='ltr'>in</span> <span class='ocrx_word' id='word_1_120' title='bbox 1620 1539 1871 1619; x_wconf 86' lang='lat' dir='ltr'>questa,</span> <span class='ocrx_word' id='word_1_121' title='bbox 1927 1540 1991 1596; x_wconf 91' lang='lat' dir='ltr'>et</span> <span class='ocrx_word' id='word_1_122' title='bbox 2043 1531 2130 1594; x_wconf 88' lang='lat' dir='ltr'>fin</span> <span class='ocrx_word' id='word_1_123' title='bbox 2191 1555 2230 1595; x_wconf 90' lang='lat' dir='ltr'>a</span> <span class='ocrx_word' id='word_1_124' title='bbox 2276 1531 2471 1618; x_wconf 88' lang='lat' dir='ltr'>quest&#39;</span> <span class='ocrx_word' id='word_1_125' title='bbox 2532 1530 2687 1595; x_wconf 88' lang='lat' dir='ltr'>hora</span> <span class='ocrx_word' id='word_1_126' title='bbox 2743 1529 2907 1595; x_wconf 87' lang='lat' dir='ltr'>hano</span> 
     </span>
     <span class='ocr_line' id='line_1_12' title="bbox 247 1633 2907 1724; baseline 0 -23"><span class='ocrx_word' id='word_1_127' title='bbox 247 1637 597 1724; x_wconf 86' lang='lat' dir='ltr'>depositato</span> <span class='ocrx_word' id='word_1_128' title='bbox 646 1639 816 1702; x_wconf 88' lang='lat' dir='ltr'>circa</span> <span class='ocrx_word' id='word_1_129' title='bbox 863 1647 990 1705; x_wconf 87' lang='lat'>300</span> <span class='ocrx_word' id='word_1_130' title='bbox 1036 1638 1188 1702; x_wconf 88' lang='lat' dir='ltr'>mila</span> <span class='ocrx_word' id='word_1_131' title='bbox 1233 1638 1445 1703; x_wconf 88' lang='lat' dir='ltr'>ducati</span> <span class='ocrx_word' id='word_1_132' title='bbox 1493 1640 1556 1702; x_wconf 88' lang='lat' dir='ltr'>in</span> <span class='ocrx_word' id='word_1_133' title='bbox 1606 1633 1839 1704; x_wconf 79' lang='lat' dir='ltr'>diversi</span> <span class='ocrx_word' id='word_1_134' title='bbox 1885 1638 2048 1704; x_wconf 88' lang='lat' dir='ltr'>lochi</span> <span class='ocrx_word' id='word_1_135' title='bbox 2081 1639 2286 1701; x_wconf 88' lang='lat' dir='ltr'>securi</span> <span class='ocrx_word' id='word_1_136' title='bbox 2327 1659 2441 1724; x_wconf 89' lang='lat' dir='ltr'>per</span> <span class='ocrx_word' id='word_1_137' title='bbox 2485 1639 2789 1720; x_wconf 85' lang='lat' dir='ltr'>resistere,</span> <span class='ocrx_word' id='word_1_138' title='bbox 2839 1660 2907 1701; x_wconf 84' lang='lat' dir='ltr'>se</span> 
     </span>
     <span class='ocr_line' id='line_1_13' title="bbox 246 1743 2909 1833; baseline 0 -25"><span class='ocrx_word' id='word_1_139' title='bbox 246 1743 596 1810; x_wconf 86' lang='lat' dir='ltr'>Lutherani</span> <span class='ocrx_word' id='word_1_140' title='bbox 655 1767 1004 1831; x_wconf 82' lang='lat' dir='ltr'>penserano</span> <span class='ocrx_word' id='word_1_141' title='bbox 1064 1746 1196 1811; x_wconf 86' lang='lat' dir='ltr'>fare</span> <span class='ocrx_word' id='word_1_142' title='bbox 1265 1744 1532 1833; x_wconf 86' lang='lat' dir='ltr'>qualche</span> <span class='ocrx_word' id='word_1_143' title='bbox 1590 1745 1877 1812; x_wconf 87' lang='lat' dir='ltr'>tumulto.</span> <span class='ocrx_word' id='word_1_144' title='bbox 1985 1745 2029 1809; x_wconf 90' lang='lat' dir='ltr'>il</span> <span class='ocrx_word' id='word_1_145' title='bbox 2104 1745 2218 1809; x_wconf 91' lang='lat' dir='ltr'>che</span> <span class='ocrx_word' id='word_1_146' title='bbox 2277 1744 2658 1809; x_wconf 87' lang='lat' dir='ltr'>havendomi</span> <span class='ocrx_word' id='word_1_147' title='bbox 2720 1744 2909 1831; x_wconf 86' lang='lat' dir='ltr'>hoggi</span> 
     </span>
     <span class='ocr_line' id='line_1_14' title="bbox 246 1851 2911 1940; baseline 0 -24"><span class='ocrx_word' id='word_1_148' title='bbox 246 1851 598 1937; x_wconf 86' lang='lat' dir='ltr'>significato</span> <span class='ocrx_word' id='word_1_149' title='bbox 643 1861 865 1940; x_wconf 86' lang='lat' dir='ltr'>questa</span> <span class='ocrx_word' id='word_1_150' title='bbox 897 1852 1157 1936; x_wconf 70' lang='lat' dir='ltr'>Maesta,</span> <span class='ocrx_word' id='word_1_151' title='bbox 1190 1853 1637 1918; x_wconf 87' lang='lat' dir='ltr'>conoscendosi</span> <span class='ocrx_word' id='word_1_152' title='bbox 1678 1853 2104 1917; x_wconf 86' lang='lat' dir='ltr'>chiaramente</span> <span class='ocrx_word' id='word_1_153' title='bbox 2149 1851 2192 1915; x_wconf 91' lang='lat' dir='ltr'>il</span> <span class='ocrx_word' id='word_1_154' title='bbox 2241 1851 2544 1917; x_wconf 87' lang='lat' dir='ltr'>beneficio</span> <span class='ocrx_word' id='word_1_155' title='bbox 2591 1852 2656 1916; x_wconf 87' lang='lat' dir='ltr'>di</span> <span class='ocrx_word' id='word_1_156' title='bbox 2688 1868 2911 1940; x_wconf 88' lang='lat' dir='ltr'>questa</span> 
     </span>
     <span class='ocr_line' id='line_1_15' title="bbox 246 1957 2909 2048; baseline -0 -25"><span class='ocrx_word' id='word_1_157' title='bbox 246 1959 783 2040; x_wconf 85' lang='lat' dir='ltr'>confederatione,</span> <span class='ocrx_word' id='word_1_158' title='bbox 844 1960 992 2048; x_wconf 91' lang='lat' dir='ltr'>qual</span> <span class='ocrx_word' id='word_1_159' title='bbox 1048 1970 1275 2025; x_wconf 86' lang='lat' dir='ltr'>trunca</span> <span class='ocrx_word' id='word_1_160' title='bbox 1331 1962 1466 2025; x_wconf 88' lang='lat' dir='ltr'>sino</span> <span class='ocrx_word' id='word_1_161' title='bbox 1523 1960 1647 2024; x_wconf 88' lang='lat' dir='ltr'>alla</span> <span class='ocrx_word' id='word_1_162' title='bbox 1705 1960 1919 2025; x_wconf 86' lang='lat' dir='ltr'>radice</span> <span class='ocrx_word' id='word_1_163' title='bbox 1979 1961 2121 2024; x_wconf 83' lang='lat' dir='ltr'>tutti</span> <span class='ocrx_word' id='word_1_164' title='bbox 2179 1957 2225 2022; x_wconf 92' lang='lat' dir='ltr'>li</span> <span class='ocrx_word' id='word_1_165' title='bbox 2283 1958 2431 2023; x_wconf 90' lang='lat' dir='ltr'>mali</span> <span class='ocrx_word' id='word_1_166' title='bbox 2493 1959 2766 2045; x_wconf 86' lang='lat' dir='ltr'>dissegni</span> <span class='ocrx_word' id='word_1_167' title='bbox 2829 1958 2909 2022; x_wconf 90' lang='lat' dir='ltr'>de</span> 
     </span>
     <span class='ocr_line' id='line_1_16' title="bbox 159 2065 2907 2153; baseline -0.002 -18"><span class='ocrx_word' id='word_1_168' title='bbox 159 2083 224 2135; x_wconf 86' lang='lat'>15</span> <span class='ocrx_word' id='word_1_169' title='bbox 246 2065 595 2132; x_wconf 85' lang='lat' dir='ltr'>Lutherani</span> <span class='ocrx_word' id='word_1_170' title='bbox 642 2076 705 2132; x_wconf 88' lang='lat' dir='ltr'>et</span> <span class='ocrx_word' id='word_1_171' title='bbox 750 2067 793 2131; x_wconf 92' lang='lat' dir='ltr'>li</span> <span class='ocrx_word' id='word_1_172' title='bbox 840 2068 1069 2133; x_wconf 90' lang='lat' dir='ltr'>reduce</span> <span class='ocrx_word' id='word_1_173' title='bbox 1116 2070 1179 2132; x_wconf 88' lang='lat' dir='ltr'>in</span> <span class='ocrx_word' id='word_1_174' title='bbox 1229 2076 1390 2132; x_wconf 81' lang='lat' dir='ltr'>stato</span> <span class='ocrx_word' id='word_1_175' title='bbox 1437 2067 1552 2132; x_wconf 87' lang='lat' dir='ltr'>che</span> <span class='ocrx_word' id='word_1_176' title='bbox 1599 2091 1723 2132; x_wconf 90' lang='lat' dir='ltr'>non</span> <span class='ocrx_word' id='word_1_177' title='bbox 1771 2067 2084 2153; x_wconf 88' lang='lat' dir='ltr'>possendo</span> <span class='ocrx_word' id='word_1_178' title='bbox 2117 2067 2226 2152; x_wconf 72' lang='lat' dir='ltr'>piu</span> <span class='ocrx_word' id='word_1_179' title='bbox 2257 2068 2536 2152; x_wconf 87' lang='lat' dir='ltr'>aspirare</span> <span class='ocrx_word' id='word_1_180' title='bbox 2583 2065 2682 2129; x_wconf 80' lang='lat' dir='ltr'>all&#39;</span> <span class='ocrx_word' id='word_1_181' title='bbox 2735 2089 2907 2129; x_wconf 81' lang='lat' dir='ltr'>usur-</span> 
     </span>
     <span class='ocr_line' id='line_1_17' title="bbox 245 2172 2909 2260; baseline 0 -23"><span class='ocrx_word' id='word_1_182' title='bbox 245 2175 502 2260; x_wconf 87' lang='lat' dir='ltr'>patione</span> <span class='ocrx_word' id='word_1_183' title='bbox 561 2173 710 2242; x_wconf 89' lang='lat' dir='ltr'>delli</span> <span class='ocrx_word' id='word_1_184' title='bbox 769 2173 918 2239; x_wconf 89' lang='lat' dir='ltr'>beni</span> <span class='ocrx_word' id='word_1_185' title='bbox 976 2174 1378 2240; x_wconf 84' lang='lat' dir='ltr'>ecclesiastici</span> <span class='ocrx_word' id='word_1_186' title='bbox 1426 2197 1653 2239; x_wconf 84' lang='lat' dir='ltr'>sarano</span> <span class='ocrx_word' id='word_1_187' title='bbox 1701 2176 1954 2239; x_wconf 85' lang='lat' dir='ltr'>sforzati</span> <span class='ocrx_word' id='word_1_188' title='bbox 2001 2176 2217 2238; x_wconf 87' lang='lat' dir='ltr'>venire</span> <span class='ocrx_word' id='word_1_189' title='bbox 2263 2172 2756 2259; x_wconf 86' lang='lat' dir='ltr'>simplicemente</span> <span class='ocrx_word' id='word_1_190' title='bbox 2802 2173 2909 2237; x_wconf 89' lang='lat' dir='ltr'>alli</span> 
     </span>
     <span class='ocr_line' id='line_1_18' title="bbox 246 2280 2909 2368; baseline 0 -24"><span class='ocrx_word' id='word_1_191' title='bbox 246 2282 489 2345; x_wconf 71' lang='lat' dir='ltr'>trattati</span> <span class='ocrx_word' id='word_1_192' title='bbox 534 2280 699 2345; x_wconf 89' lang='lat' dir='ltr'>della</span> <span class='ocrx_word' id='word_1_193' title='bbox 743 2281 1041 2368; x_wconf 88' lang='lat' dir='ltr'>religione</span> <span class='ocrx_word' id='word_1_194' title='bbox 1105 2280 1375 2347; x_wconf 82' lang='lat' dir='ltr'>secondo</span> <span class='ocrx_word' id='word_1_195' title='bbox 1436 2281 1499 2345; x_wconf 91' lang='lat' dir='ltr'>la</span> <span class='ocrx_word' id='word_1_196' title='bbox 1546 2283 1752 2346; x_wconf 67' lang='lat' dir='ltr'>verita</span> <span class='ocrx_word' id='word_1_197' title='bbox 1797 2281 1920 2346; x_wconf 91' lang='lat' dir='ltr'>ben</span> <span class='ocrx_word' id='word_1_198' title='bbox 1965 2282 2170 2345; x_wconf 86' lang='lat' dir='ltr'>intesa</span> <span class='ocrx_word' id='word_1_199' title='bbox 2215 2287 2278 2345; x_wconf 87' lang='lat' dir='ltr'>et</span> <span class='ocrx_word' id='word_1_200' title='bbox 2324 2304 2449 2345; x_wconf 92' lang='lat' dir='ltr'>non</span> <span class='ocrx_word' id='word_1_201' title='bbox 2497 2281 2909 2366; x_wconf 87' lang='lat' dir='ltr'>interpretata</span> 
     </span>
    </p>

    <p class='ocr_par' dir='ltr' id='par_1_3' title="bbox 146 2386 2908 3868">
     <span class='ocr_line' id='line_1_19' title="bbox 247 2386 2904 2475; baseline 0 -24"><span class='ocrx_word' id='word_1_202' title='bbox 247 2409 290 2451; x_wconf 90' lang='lat' dir='ltr'>a</span> <span class='ocrx_word' id='word_1_203' title='bbox 331 2386 466 2452; x_wconf 94' lang='lat' dir='ltr'>loro</span> <span class='ocrx_word' id='word_1_204' title='bbox 512 2388 732 2470; x_wconf 87' lang='lat' dir='ltr'>modo,</span> <span class='ocrx_word' id='word_1_205' title='bbox 788 2390 877 2452; x_wconf 90' lang='lat' dir='ltr'>mi</span> <span class='ocrx_word' id='word_1_206' title='bbox 937 2388 1018 2452; x_wconf 86' lang='lat' dir='ltr'>ha</span> <span class='ocrx_word' id='word_1_207' title='bbox 1076 2390 1380 2454; x_wconf 83' lang='lat' dir='ltr'>ricercato</span> <span class='ocrx_word' id='word_1_208' title='bbox 1438 2389 1533 2453; x_wconf 89' lang='lat' dir='ltr'>ch&#39;</span> <span class='ocrx_word' id='word_1_209' title='bbox 1581 2389 1641 2453; x_wconf 90' lang='lat' dir='ltr'>io</span> <span class='ocrx_word' id='word_1_210' title='bbox 1687 2386 1904 2474; x_wconf 87' lang='lat' dir='ltr'>voglia</span> <span class='ocrx_word' id='word_1_211' title='bbox 1947 2409 2216 2475; x_wconf 89' lang='lat' dir='ltr'>pregare</span> <span class='ocrx_word' id='word_1_212' title='bbox 2262 2387 2392 2452; x_wconf 86' lang='lat' dir='ltr'>Sua</span> <span class='ocrx_word' id='word_1_213' title='bbox 2438 2387 2687 2453; x_wconf 69' lang='lat' dir='ltr'>Santita</span> <span class='ocrx_word' id='word_1_214' title='bbox 2731 2410 2771 2451; x_wconf 86' lang='lat' dir='ltr'>a</span> <span class='ocrx_word' id='word_1_215' title='bbox 2815 2390 2904 2451; x_wconf 91' lang='lat' dir='ltr'>in-</span> 
     </span>
     <span class='ocr_line' id='line_1_20' title="bbox 246 2493 2908 2582; baseline 0.001 -25"><span class='ocrx_word' id='word_1_216' title='bbox 246 2502 418 2558; x_wconf 87' lang='lat' dir='ltr'>trare</span> <span class='ocrx_word' id='word_1_217' title='bbox 474 2495 542 2558; x_wconf 90' lang='lat' dir='ltr'>in</span> <span class='ocrx_word' id='word_1_218' title='bbox 601 2504 823 2582; x_wconf 84' lang='lat' dir='ltr'>questa</span> <span class='ocrx_word' id='word_1_219' title='bbox 881 2496 1388 2560; x_wconf 85' lang='lat' dir='ltr'>confederatione</span> <span class='ocrx_word' id='word_1_220' title='bbox 1450 2495 1777 2560; x_wconf 85' lang='lat' dir='ltr'>defensiva</span> <span class='ocrx_word' id='word_1_221' title='bbox 1835 2519 1875 2560; x_wconf 86' lang='lat' dir='ltr'>a</span> <span class='ocrx_word' id='word_1_222' title='bbox 1921 2504 2141 2581; x_wconf 89' lang='lat' dir='ltr'>questo</span> <span class='ocrx_word' id='word_1_223' title='bbox 2188 2494 2406 2577; x_wconf 89' lang='lat' dir='ltr'>modo,</span> <span class='ocrx_word' id='word_1_224' title='bbox 2466 2493 2729 2558; x_wconf 90' lang='lat' dir='ltr'>essendo</span> <span class='ocrx_word' id='word_1_225' title='bbox 2777 2496 2908 2559; x_wconf 87' lang='lat' dir='ltr'>Sua</span> 
     </span>
     <span class='ocr_line' id='line_1_21' title="bbox 147 2600 2906 2689; baseline -0.002 -17"><span class='ocrx_word' id='word_1_226' title='bbox 147 2617 228 2672; x_wconf 81' lang='grc'>20</span> <span class='ocrx_word' id='word_1_227' title='bbox 248 2603 498 2668; x_wconf 69' lang='grc'><strong>8111111131,</strong></span> <span class='ocrx_word' id='word_1_228' title='bbox 555 2624 715 2689; x_wconf 89' lang='lat' dir='ltr'>capo</span> <span class='ocrx_word' id='word_1_229' title='bbox 776 2601 842 2667; x_wconf 91' lang='lat' dir='ltr'>di</span> <span class='ocrx_word' id='word_1_230' title='bbox 900 2609 1062 2668; x_wconf 87' lang='lat' dir='ltr'>tutto</span> <span class='ocrx_word' id='word_1_231' title='bbox 1121 2603 1177 2669; x_wconf 91' lang='lat' dir='ltr'>el</span> <span class='ocrx_word' id='word_1_232' title='bbox 1239 2610 1401 2668; x_wconf 87' lang='lat' dir='ltr'>stato</span> <span class='ocrx_word' id='word_1_233' title='bbox 1476 2603 1898 2669; x_wconf 84' lang='lat' dir='ltr'>ecclesiastico</span> <span class='ocrx_word' id='word_1_234' title='bbox 1968 2610 2031 2667; x_wconf 89' lang='lat' dir='ltr'>et</span> <span class='ocrx_word' id='word_1_235' title='bbox 2101 2601 2475 2666; x_wconf 78' lang='lat' dir='ltr'>trattandosi</span> <span class='ocrx_word' id='word_1_236' title='bbox 2545 2600 2906 2668; x_wconf 89' lang='lat' dir='ltr'>finalmente</span> 
     </span>
     <span class='ocr_line' id='line_1_22' title="bbox 246 2709 2905 2797; baseline 0 -24"><span class='ocrx_word' id='word_1_237' title='bbox 246 2710 589 2774; x_wconf 81' lang='lat' dir='ltr'>l&#39;interesse</span> <span class='ocrx_word' id='word_1_238' title='bbox 645 2709 812 2775; x_wconf 88' lang='lat' dir='ltr'>della</span> <span class='ocrx_word' id='word_1_239' title='bbox 872 2710 1175 2796; x_wconf 86' lang='lat' dir='ltr'>religione</span> <span class='ocrx_word' id='word_1_240' title='bbox 1234 2710 1594 2776; x_wconf 88' lang='lat' dir='ltr'>christiana.</span> <span class='ocrx_word' id='word_1_241' title='bbox 1686 2719 1748 2775; x_wconf 88' lang='lat' dir='ltr'>et</span> <span class='ocrx_word' id='word_1_242' title='bbox 1807 2709 2039 2797; x_wconf 78' lang='lat' dir='ltr'>perche</span> <span class='ocrx_word' id='word_1_243' title='bbox 2086 2710 2215 2774; x_wconf 80' lang='lat' dir='ltr'>Sua</span> <span class='ocrx_word' id='word_1_244' title='bbox 2261 2710 2510 2776; x_wconf 71' lang='lat' dir='ltr'>Santita</span> <span class='ocrx_word' id='word_1_245' title='bbox 2556 2711 2588 2775; x_wconf 74' lang='lat' dir='ltr'>e</span> <span class='ocrx_word' id='word_1_246' title='bbox 2634 2710 2905 2795; x_wconf 89' lang='lat' dir='ltr'>pruden-</span> 
     </span>
     <span class='ocr_line' id='line_1_23' title="bbox 246 2815 2908 2905; baseline 0 -24"><span class='ocrx_word' id='word_1_247' title='bbox 246 2818 490 2881; x_wconf 86' lang='lat' dir='ltr'>tissima</span> <span class='ocrx_word' id='word_1_248' title='bbox 533 2824 595 2881; x_wconf 87' lang='lat' dir='ltr'>et</span> <span class='ocrx_word' id='word_1_249' title='bbox 638 2818 705 2881; x_wconf 84' lang='lat' dir='ltr'>vi</span> <span class='ocrx_word' id='word_1_250' title='bbox 752 2839 904 2883; x_wconf 88' lang='lat' dir='ltr'>sono</span> <span class='ocrx_word' id='word_1_251' title='bbox 949 2817 1190 2883; x_wconf 88' lang='lat' dir='ltr'>infinite</span> <span class='ocrx_word' id='word_1_252' title='bbox 1236 2819 1481 2904; x_wconf 85' lang='lat' dir='ltr'>ragioni</span> <span class='ocrx_word' id='word_1_253' title='bbox 1526 2820 1920 2905; x_wconf 85' lang='lat' dir='ltr'>persuasive,</span> <span class='ocrx_word' id='word_1_254' title='bbox 1979 2840 2104 2882; x_wconf 89' lang='lat' dir='ltr'>non</span> <span class='ocrx_word' id='word_1_255' title='bbox 2163 2838 2416 2881; x_wconf 90' lang='lat' dir='ltr'>occorre</span> <span class='ocrx_word' id='word_1_256' title='bbox 2478 2815 2574 2880; x_wconf 86' lang='lat' dir='ltr'>ch’</span> <span class='ocrx_word' id='word_1_257' title='bbox 2620 2818 2680 2881; x_wconf 91' lang='lat' dir='ltr'>io</span> <span class='ocrx_word' id='word_1_258' title='bbox 2728 2826 2908 2882; x_wconf 85' lang='lat' dir='ltr'>tocca</span> 
     </span>
     <span class='ocr_line' id='line_1_24' title="bbox 247 2922 2906 3011; baseline 0.001 -24"><span class='ocrx_word' id='word_1_259' title='bbox 247 2924 386 2988; x_wconf 91' lang='lat' dir='ltr'>loco</span> <span class='ocrx_word' id='word_1_260' title='bbox 445 2923 671 2989; x_wconf 90' lang='lat' dir='ltr'>alcuno</span> <span class='ocrx_word' id='word_1_261' title='bbox 731 2923 917 3011; x_wconf 87' lang='lat' dir='ltr'>quale</span> <span class='ocrx_word' id='word_1_262' title='bbox 975 2947 1163 3011; x_wconf 85' lang='lat' dir='ltr'>possa</span> <span class='ocrx_word' id='word_1_263' title='bbox 1220 2947 1465 2990; x_wconf 86' lang='lat' dir='ltr'>movere</span> <span class='ocrx_word' id='word_1_264' title='bbox 1523 2923 1778 2989; x_wconf 88' lang='lat' dir='ltr'>l&#39;animo</span> <span class='ocrx_word' id='word_1_265' title='bbox 1837 2924 1903 2987; x_wconf 88' lang='lat' dir='ltr'>di</span> <span class='ocrx_word' id='word_1_266' title='bbox 1950 2924 2081 2989; x_wconf 86' lang='lat' dir='ltr'>Sua</span> <span class='ocrx_word' id='word_1_267' title='bbox 2126 2924 2374 2988; x_wconf 71' lang='lat' dir='ltr'>Santita</span> <span class='ocrx_word' id='word_1_268' title='bbox 2418 2945 2459 2987; x_wconf 90' lang='lat' dir='ltr'>a</span> <span class='ocrx_word' id='word_1_269' title='bbox 2503 2934 2740 3010; x_wconf 88' lang='lat' dir='ltr'>questo,</span> <span class='ocrx_word' id='word_1_270' title='bbox 2787 2922 2906 2989; x_wconf 86' lang='lat' dir='ltr'>las-</span> 
     </span>
     <span class='ocr_line' id='line_1_25' title="bbox 248 3029 2908 3119; baseline -0 -23"><span class='ocrx_word' id='word_1_271' title='bbox 248 3031 478 3096; x_wconf 86' lang='lat' dir='ltr'>ciando</span> <span class='ocrx_word' id='word_1_272' title='bbox 537 3029 581 3095; x_wconf 90' lang='lat' dir='ltr'>il</span> <span class='ocrx_word' id='word_1_273' title='bbox 636 3038 800 3096; x_wconf 88' lang='lat' dir='ltr'>tutto</span> <span class='ocrx_word' id='word_1_274' title='bbox 859 3031 984 3095; x_wconf 85' lang='lat' dir='ltr'>alla</span> <span class='ocrx_word' id='word_1_275' title='bbox 1040 3032 1352 3119; x_wconf 85' lang='lat' dir='ltr'>profonda</span> <span class='ocrx_word' id='word_1_276' title='bbox 1384 3032 1913 3097; x_wconf 70' lang='lat' dir='ltr'>consideratione</span> <span class='ocrx_word' id='word_1_277' title='bbox 1972 3031 2036 3095; x_wconf 91' lang='lat' dir='ltr'>di</span> <span class='ocrx_word' id='word_1_278' title='bbox 2094 3031 2227 3096; x_wconf 83' lang='lat' dir='ltr'>Sua</span> <span class='ocrx_word' id='word_1_279' title='bbox 2286 3029 2701 3094; x_wconf 89' lang='lat' dir='ltr'>Beatitudine.</span> <span class='ocrx_word' id='word_1_280' title='bbox 2801 3054 2908 3096; x_wconf 85' lang='lat' dir='ltr'>ma</span> 
     </span>
     <span class='ocr_line' id='line_1_26' title="bbox 148 3136 2908 3225; baseline -0.001 -19"><span class='ocrx_word' id='word_1_281' title='bbox 148 3152 229 3206; x_wconf 80' lang='lat'>25</span> <span class='ocrx_word' id='word_1_282' title='bbox 250 3137 342 3202; x_wconf 85' lang='lat' dir='ltr'>sol</span> <span class='ocrx_word' id='word_1_283' title='bbox 388 3138 656 3225; x_wconf 78' lang='lat' dir='ltr'>pigliaro</span> <span class='ocrx_word' id='word_1_284' title='bbox 702 3137 745 3203; x_wconf 90' lang='lat' dir='ltr'>il</span> <span class='ocrx_word' id='word_1_285' title='bbox 792 3141 1125 3221; x_wconf 88' lang='lat' dir='ltr'>contrario,</span> <span class='ocrx_word' id='word_1_286' title='bbox 1175 3138 1643 3204; x_wconf 87' lang='lat' dir='ltr'>confidandomi</span> <span class='ocrx_word' id='word_1_287' title='bbox 1688 3137 1882 3203; x_wconf 79' lang='lat' dir='ltr'>molto</span> <span class='ocrx_word' id='word_1_288' title='bbox 1928 3137 2044 3202; x_wconf 90' lang='lat' dir='ltr'>che</span> <span class='ocrx_word' id='word_1_289' title='bbox 2074 3137 2204 3202; x_wconf 88' lang='lat' dir='ltr'>Sua</span> <span class='ocrx_word' id='word_1_290' title='bbox 2235 3136 2482 3202; x_wconf 71' lang='lat' dir='ltr'>Santita</span> <span class='ocrx_word' id='word_1_291' title='bbox 2518 3136 2579 3201; x_wconf 95' lang='lat' dir='ltr'>lo</span> <span class='ocrx_word' id='word_1_292' title='bbox 2624 3139 2908 3203; x_wconf 67' lang='lat' dir='ltr'>ricevera</span> 
     </span>
     <span class='ocr_line' id='line_1_27' title="bbox 246 3242 2907 3332; baseline 0 -23"><span class='ocrx_word' id='word_1_293' title='bbox 246 3246 317 3309; x_wconf 91' lang='lat' dir='ltr'>in</span> <span class='ocrx_word' id='word_1_294' title='bbox 363 3245 451 3310; x_wconf 84' lang='lat' dir='ltr'>tal</span> <span class='ocrx_word' id='word_1_295' title='bbox 498 3254 676 3332; x_wconf 87' lang='lat' dir='ltr'>parte</span> <span class='ocrx_word' id='word_1_296' title='bbox 724 3245 839 3310; x_wconf 89' lang='lat' dir='ltr'>che</span> <span class='ocrx_word' id='word_1_297' title='bbox 886 3254 1048 3310; x_wconf 88' lang='lat' dir='ltr'>tutto</span> <span class='ocrx_word' id='word_1_298' title='bbox 1096 3246 1189 3310; x_wconf 88' lang='lat' dir='ltr'>sia</span> <span class='ocrx_word' id='word_1_299' title='bbox 1234 3245 1406 3311; x_wconf 87' lang='lat' dir='ltr'>detto</span> <span class='ocrx_word' id='word_1_300' title='bbox 1453 3245 1538 3309; x_wconf 86' lang='lat' dir='ltr'>da</span> <span class='ocrx_word' id='word_1_301' title='bbox 1582 3268 1685 3309; x_wconf 90' lang='lat' dir='ltr'>me</span> <span class='ocrx_word' id='word_1_302' title='bbox 1728 3268 1844 3332; x_wconf 90' lang='lat' dir='ltr'>per</span> <span class='ocrx_word' id='word_1_303' title='bbox 1902 3245 2225 3330; x_wconf 87' lang='lat' dir='ltr'>maggiore</span> <span class='ocrx_word' id='word_1_304' title='bbox 2270 3242 2438 3308; x_wconf 90' lang='lat' dir='ltr'>lume</span> <span class='ocrx_word' id='word_1_305' title='bbox 2485 3243 2574 3309; x_wconf 89' lang='lat' dir='ltr'>dil</span> <span class='ocrx_word' id='word_1_306' title='bbox 2620 3253 2907 3331; x_wconf 82' lang='lat' dir='ltr'>presente</span> 
     </span>
     <span class='ocr_line' id='line_1_28' title="bbox 248 3349 2908 3439; baseline 0 -23"><span class='ocrx_word' id='word_1_307' title='bbox 248 3354 534 3439; x_wconf 87' lang='lat' dir='ltr'>negocio,</span> <span class='ocrx_word' id='word_1_308' title='bbox 581 3376 707 3417; x_wconf 90' lang='lat' dir='ltr'>non</span> <span class='ocrx_word' id='word_1_309' title='bbox 754 3375 870 3438; x_wconf 87' lang='lat' dir='ltr'>per</span> <span class='ocrx_word' id='word_1_310' title='bbox 914 3353 1067 3417; x_wconf 88' lang='lat' dir='ltr'>dare</span> <span class='ocrx_word' id='word_1_311' title='bbox 1115 3352 1436 3438; x_wconf 82' lang='lat' dir='ltr'>consigliO.</span> <span class='ocrx_word' id='word_1_312' title='bbox 1497 3359 1560 3416; x_wconf 89' lang='lat' dir='ltr'>et</span> <span class='ocrx_word' id='word_1_313' title='bbox 1605 3360 1826 3438; x_wconf 89' lang='lat' dir='ltr'>questo</span> <span class='ocrx_word' id='word_1_314' title='bbox 1872 3352 1908 3415; x_wconf 81' lang='grc' dir='ltr'>ὲ</span> <span class='ocrx_word' id='word_1_315' title='bbox 1955 3350 2070 3415; x_wconf 89' lang='lat' dir='ltr'>che</span> <span class='ocrx_word' id='word_1_316' title='bbox 2117 3352 2204 3414; x_wconf 90' lang='lat' dir='ltr'>mi</span> <span class='ocrx_word' id='word_1_317' title='bbox 2235 3349 2582 3437; x_wconf 86' lang='lat' dir='ltr'>parerebbe</span> <span class='ocrx_word' id='word_1_318' title='bbox 2630 3351 2745 3416; x_wconf 90' lang='lat' dir='ltr'>che</span> <span class='ocrx_word' id='word_1_319' title='bbox 2777 3352 2908 3417; x_wconf 88' lang='lat' dir='ltr'>Sua</span> 
     </span>
     <span class='ocr_line' id='line_1_29' title="bbox 249 3457 2906 3547; baseline -0 -23"><span class='ocrx_word' id='word_1_320' title='bbox 249 3460 497 3525; x_wconf 66' lang='lat' dir='ltr'>Santita</span> <span class='ocrx_word' id='word_1_321' title='bbox 540 3481 654 3547; x_wconf 88' lang='lat' dir='ltr'>per</span> <span class='ocrx_word' id='word_1_322' title='bbox 698 3459 743 3523; x_wconf 93' lang='lat' dir='ltr'>il</span> <span class='ocrx_word' id='word_1_323' title='bbox 774 3467 1060 3545; x_wconf 83' lang='lat' dir='ltr'>presente</span> <span class='ocrx_word' id='word_1_324' title='bbox 1106 3483 1232 3525; x_wconf 90' lang='lat' dir='ltr'>non</span> <span class='ocrx_word' id='word_1_325' title='bbox 1278 3462 1544 3523; x_wconf 83' lang='lat' dir='ltr'>intrasse</span> <span class='ocrx_word' id='word_1_326' title='bbox 1586 3461 1650 3522; x_wconf 90' lang='lat' dir='ltr'>in</span> <span class='ocrx_word' id='word_1_327' title='bbox 1682 3466 1907 3545; x_wconf 87' lang='lat' dir='ltr'>questa</span> <span class='ocrx_word' id='word_1_328' title='bbox 1938 3457 2460 3541; x_wconf 86' lang='lat' dir='ltr'>confederatione,</span> <span class='ocrx_word' id='word_1_329' title='bbox 2507 3481 2614 3522; x_wconf 92' lang='lat' dir='ltr'>ma</span> <span class='ocrx_word' id='word_1_330' title='bbox 2660 3482 2906 3524; x_wconf 88' lang='lat' dir='ltr'>comen·</span> 
     </span>
     <span class='ocr_line' id='line_1_30' title="bbox 248 3564 2907 3655; baseline -0 -24"><span class='ocrx_word' id='word_1_331' title='bbox 248 3566 433 3631; x_wconf 85' lang='lat' dir='ltr'>dasse</span> <span class='ocrx_word' id='word_1_332' title='bbox 478 3566 523 3630; x_wconf 92' lang='lat' dir='ltr'>il</span> <span class='ocrx_word' id='word_1_333' title='bbox 568 3567 878 3631; x_wconf 88' lang='lat' dir='ltr'>desiderio</span> <span class='ocrx_word' id='word_1_334' title='bbox 925 3566 990 3631; x_wconf 91' lang='lat' dir='ltr'>di</span> <span class='ocrx_word' id='word_1_335' title='bbox 1036 3574 1256 3655; x_wconf 86' lang='lat' dir='ltr'>questa</span> <span class='ocrx_word' id='word_1_336' title='bbox 1302 3566 1566 3649; x_wconf 72' lang='lat' dir='ltr'>Maesta,</span> <span class='ocrx_word' id='word_1_337' title='bbox 1612 3565 1871 3630; x_wconf 87' lang='lat' dir='ltr'>dandoli</span> <span class='ocrx_word' id='word_1_338' title='bbox 1919 3564 2086 3629; x_wconf 89' lang='lat' dir='ltr'>bona</span> <span class='ocrx_word' id='word_1_339' title='bbox 2140 3566 2483 3629; x_wconf 85' lang='lat' dir='ltr'>intentione</span> <span class='ocrx_word' id='word_1_340' title='bbox 2527 3566 2595 3630; x_wconf 92' lang='lat' dir='ltr'>di</span> <span class='ocrx_word' id='word_1_341' title='bbox 2640 3566 2800 3631; x_wconf 90' lang='lat' dir='ltr'>farlo</span> <span class='ocrx_word' id='word_1_342' title='bbox 2847 3566 2907 3630; x_wconf 87' lang='lat' dir='ltr'>al</span> 
     </span>
     <span class='ocr_line' id='line_1_31' title="bbox 146 3671 2907 3761; baseline -0.002 -18"><span class='ocrx_word' id='word_1_343' title='bbox 146 3688 231 3743; x_wconf 86' lang='grc'>30</span> <span class='ocrx_word' id='word_1_344' title='bbox 249 3696 366 3738; x_wconf 86' lang='lat' dir='ltr'>suo</span> <span class='ocrx_word' id='word_1_345' title='bbox 412 3681 641 3760; x_wconf 88' lang='lat' dir='ltr'>tempo,</span> <span class='ocrx_word' id='word_1_346' title='bbox 690 3695 810 3739; x_wconf 89' lang='lat' dir='ltr'>con</span> <span class='ocrx_word' id='word_1_347' title='bbox 857 3682 1079 3761; x_wconf 88' lang='lat' dir='ltr'>questa</span> <span class='ocrx_word' id='word_1_348' title='bbox 1124 3674 1563 3738; x_wconf 83' lang='lat' dir='ltr'>excusatione:</span> <span class='ocrx_word' id='word_1_349' title='bbox 1610 3673 1726 3737; x_wconf 89' lang='lat' dir='ltr'>che</span> <span class='ocrx_word' id='word_1_350' title='bbox 1758 3672 2047 3737; x_wconf 85' lang='lat' dir='ltr'>desidera</span> <span class='ocrx_word' id='word_1_351' title='bbox 2084 3680 2394 3759; x_wconf 85' lang='lat' dir='ltr'>espettare</span> <span class='ocrx_word' id='word_1_352' title='bbox 2438 3671 2503 3736; x_wconf 90' lang='lat' dir='ltr'>la</span> <span class='ocrx_word' id='word_1_353' title='bbox 2531 3673 2907 3739; x_wconf 82' lang='lat' dir='ltr'>resolutione</span> 
     </span>
     <span class='ocr_line' id='line_1_32' title="bbox 248 3778 2906 3868; baseline 0 -22"><span class='ocrx_word' id='word_1_354' title='bbox 248 3781 331 3846; x_wconf 90' lang='lat' dir='ltr'>de</span> <span class='ocrx_word' id='word_1_355' title='bbox 376 3783 522 3846; x_wconf 85' lang='lat' dir='ltr'>tutti</span> <span class='ocrx_word' id='word_1_356' title='bbox 565 3780 610 3844; x_wconf 92' lang='lat' dir='ltr'>li</span> <span class='ocrx_word' id='word_1_357' title='bbox 655 3780 801 3846; x_wconf 87' lang='lat' dir='ltr'>altri</span> <span class='ocrx_word' id='word_1_358' title='bbox 845 3783 1116 3868; x_wconf 90' lang='lat' dir='ltr'>principi</span> <span class='ocrx_word' id='word_1_359' title='bbox 1163 3788 1227 3846; x_wconf 88' lang='lat' dir='ltr'>et</span> <span class='ocrx_word' id='word_1_360' title='bbox 1269 3780 1314 3845; x_wconf 95' lang='lat' dir='ltr'>il</span> <span class='ocrx_word' id='word_1_361' title='bbox 1360 3779 1781 3845; x_wconf 85' lang='lat' dir='ltr'>stabilimento</span> <span class='ocrx_word' id='word_1_362' title='bbox 1828 3778 1993 3844; x_wconf 88' lang='lat' dir='ltr'>della</span> <span class='ocrx_word' id='word_1_363' title='bbox 2038 3779 2575 3863; x_wconf 85' lang='lat' dir='ltr'>confederatione,</span> <span class='ocrx_word' id='word_1_364' title='bbox 2632 3804 2817 3867; x_wconf 87' lang='lat' dir='ltr'>sopra</span> <span class='ocrx_word' id='word_1_365' title='bbox 2861 3781 2906 3846; x_wconf 93' lang='lat' dir='ltr'>il</span> 
     </span>
    </p>
   </div>
   <div class='ocr_carea' id='block_1_3' title="bbox 148 4047 2907 4835">
    <p class='ocr_par' dir='ltr' id='par_1_4' title="bbox 148 4047 2907 4835">
     <span class='ocr_line' id='line_1_33' title="bbox 396 4047 2907 4121; baseline 0 -18"><span class='ocrx_word' id='word_1_366' title='bbox 396 4048 440 4121; x_wconf 91' lang='lat'>¹)</span> <span class='ocrx_word' id='word_1_367' title='bbox 478 4049 741 4104; x_wconf 76' lang='lat' dir='ltr'>Niz&#39;mlich</span> <span class='ocrx_word' id='word_1_368' title='bbox 776 4047 891 4116; x_wconf 77' lang='lat' dir='ltr'>auf</span> <span class='ocrx_word' id='word_1_369' title='bbox 917 4049 1038 4103; x_wconf 77' lang='lat' dir='ltr'>dem</span> <span class='ocrx_word' id='word_1_370' title='bbox 1072 4050 1137 4103; x_wconf 78' lang='lat' dir='ltr'>in</span> <span class='ocrx_word' id='word_1_371' title='bbox 1171 4066 1255 4104; x_wconf 79' lang='lat' dir='ltr'>nr.</span> <span class='ocrx_word' id='word_1_372' title='bbox 1292 4053 1363 4103; x_wconf 83' lang='grc'>84</span> <span class='ocrx_word' id='word_1_373' title='bbox 1399 4049 1713 4104; x_wconf 73' lang='lat' dir='ltr'>erwcihnten</span> <span class='ocrx_word' id='word_1_374' title='bbox 1749 4049 2000 4118; x_wconf 74' lang='lat' dir='ltr'>Speierer</span> <span class='ocrx_word' id='word_1_375' title='bbox 2022 4048 2180 4118; x_wconf 75' lang='lat' dir='ltr'>Taye,</span> <span class='ocrx_word' id='word_1_376' title='bbox 2218 4047 2336 4116; x_wconf 76' lang='lat' dir='ltr'>auf</span> <span class='ocrx_word' id='word_1_377' title='bbox 2362 4047 2482 4104; x_wconf 82' lang='lat' dir='ltr'>dem</span> <span class='ocrx_word' id='word_1_378' title='bbox 2517 4047 2734 4115; x_wconf 75' lang='lat' dir='ltr'>freilich</span> <span class='ocrx_word' id='word_1_379' title='bbox 2766 4048 2907 4104; x_wconf 77' lang='grc'><strong>110011</strong></span> 
     </span>
     <span class='ocr_line' id='line_1_34' title="bbox 251 4138 2906 4210; baseline -0 -16"><span class='ocrx_word' id='word_1_380' title='bbox 251 4139 381 4194; x_wconf 67' lang='grc'><strong>100111</strong></span> <span class='ocrx_word' id='word_1_381' title='bbox 417 4140 766 4210; x_wconf 72' lang='lat' dir='ltr'>eiyentlicher</span> <span class='ocrx_word' id='word_1_382' title='bbox 804 4139 980 4192; x_wconf 69' lang='lat' dir='ltr'>Bemd</span> <span class='ocrx_word' id='word_1_383' title='bbox 1024 4156 1095 4193; x_wconf 73' lang='lat' dir='ltr'>zu</span> <span class='ocrx_word' id='word_1_384' title='bbox 1144 4139 1356 4194; x_wconf 76' lang='grc' dir='ltr'><strong>81οηᾱο</strong></span> <span class='ocrx_word' id='word_1_385' title='bbox 1405 4139 1544 4205; x_wconf 81' lang='lat' dir='ltr'>kam,</span> <span class='ocrx_word' id='word_1_386' title='bbox 1599 4140 1698 4193; x_wconf 80' lang='lat' dir='ltr'>wie</span> <span class='ocrx_word' id='word_1_387' title='bbox 1753 4138 1899 4193; x_wconf 75' lang='grc'><strong>(101111</strong></span> <span class='ocrx_word' id='word_1_388' title='bbox 1934 4138 2084 4194; x_wconf 77' lang='lat' dir='ltr'>Held</span> <span class='ocrx_word' id='word_1_389' title='bbox 2133 4141 2196 4193; x_wconf 76' lang='lat' dir='ltr'>in</span> <span class='ocrx_word' id='word_1_390' title='bbox 2241 4139 2426 4193; x_wconf 75' lang='lat' dir='ltr'>diesen</span> <span class='ocrx_word' id='word_1_391' title='bbox 2472 4139 2906 4209; x_wconf 73' lang='lat' dir='ltr'>Mittheilunyen</span> 
     </span>
     <span class='ocr_line' id='line_1_35' title="bbox 248 4228 2906 4297; baseline -0 -14"><span class='ocrx_word' id='word_1_392' title='bbox 248 4230 396 4284; x_wconf 74' lang='lat' dir='ltr'>seim</span> <span class='ocrx_word' id='word_1_393' title='bbox 424 4229 657 4297; x_wconf 74' lang='lat' dir='ltr'>Erfolye</span> <span class='ocrx_word' id='word_1_394' title='bbox 694 4229 1169 4297; x_wconf 70' lang='lat' dir='ltr'>auyenscheinlich</span> <span class='ocrx_word' id='word_1_395' title='bbox 1204 4229 1499 4283; x_wconf 57' lang='lat' dir='ltr'>tibertreibt</span> <span class='ocrx_word' id='word_1_396' title='bbox 1538 4228 1670 4283; x_wconf 82' lang='lat' dir='ltr'>oder</span> <span class='ocrx_word' id='word_1_397' title='bbox 1704 4229 1960 4283; x_wconf 77' lang='lat' dir='ltr'>vielmehr</span> <span class='ocrx_word' id='word_1_398' title='bbox 1975 4228 2247 4297; x_wconf 72' lang='lat' dir='ltr'>yeradezu</span> <span class='ocrx_word' id='word_1_399' title='bbox 2284 4229 2620 4297; x_wconf 69' lang='lat' dir='ltr'>liiynerische</span> <span class='ocrx_word' id='word_1_400' title='bbox 2639 4229 2906 4296; x_wconf 74' lang='lat' dir='ltr'>Anyaben</span> 
     </span>
     <span class='ocr_line' id='line_1_36' title="bbox 148 4307 2905 4388; baseline -0.002 -12"><span class='ocrx_word' id='word_1_401' title='bbox 148 4320 232 4376; x_wconf 86' lang='lat'>35</span> <span class='ocrx_word' id='word_1_402' title='bbox 250 4319 447 4374; x_wconf 78' lang='lat' dir='ltr'>macht.</span> <span class='ocrx_word' id='word_1_403' title='bbox 523 4307 663 4373; x_wconf 78' lang='lat' dir='ltr'>Uber</span> <span class='ocrx_word' id='word_1_404' title='bbox 715 4318 804 4372; x_wconf 77' lang='lat' dir='ltr'>die</span> <span class='ocrx_word' id='word_1_405' title='bbox 847 4319 1312 4387; x_wconf 73' lang='lat' dir='ltr'>Verhandlunyen</span> <span class='ocrx_word' id='word_1_406' title='bbox 1359 4320 1423 4371; x_wconf 80' lang='lat' dir='ltr'>in</span> <span class='ocrx_word' id='word_1_407' title='bbox 1457 4317 1647 4388; x_wconf 79' lang='lat' dir='ltr'>Speier</span> <span class='ocrx_word' id='word_1_408' title='bbox 1693 4319 1794 4387; x_wconf 71' lang='lat'><strong><em>2291.</em></strong></span> <span class='ocrx_word' id='word_1_409' title='bbox 1831 4317 2068 4387; x_wconf 77' lang='lat' dir='ltr'>Stumpf</span> <span class='ocrx_word' id='word_1_410' title='bbox 2106 4319 2349 4372; x_wconf 73' lang='lat' dir='ltr'>Baierns</span> <span class='ocrx_word' id='word_1_411' title='bbox 2390 4319 2546 4385; x_wconf 81' lang='lat' dir='ltr'>polit.</span> <span class='ocrx_word' id='word_1_412' title='bbox 2593 4316 2905 4373; x_wconf 75' lang='lat' dir='ltr'>Geschichte</span> 
     </span>
     <span class='ocr_line' id='line_1_37' title="bbox 250 4406 824 4475; baseline 0 -14"><span class='ocrx_word' id='word_1_413' title='bbox 250 4407 358 4462; x_wconf 76' lang='grc' dir='ltr'>Βᾱ.</span> <span class='ocrx_word' id='word_1_414' title='bbox 398 4408 449 4475; x_wconf 86' lang='grc' dir='ltr'>Ι,</span> <span class='ocrx_word' id='word_1_415' title='bbox 484 4411 516 4461; x_wconf 84' lang='grc'>1</span> <span class='ocrx_word' id='word_1_416' title='bbox 552 4407 605 4461; x_wconf 76' lang='lat'>8.</span> <span class='ocrx_word' id='word_1_417' title='bbox 641 4406 824 4472; x_wconf 77' lang='lat' dir='ltr'><strong><em>208ff.</em></strong></span> 
     </span>
     <span class='ocr_line' id='line_1_38' title="bbox 396 4495 2905 4563; baseline -0.001 -10"><span class='ocrx_word' id='word_1_418' title='bbox 396 4497 441 4563; x_wconf 82' lang='lat'>²)</span> <span class='ocrx_word' id='word_1_419' title='bbox 479 4496 604 4553; x_wconf 78' lang='lat' dir='ltr'>Sic!</span> <span class='ocrx_word' id='word_1_420' title='bbox 639 4497 740 4551; x_wconf 75' lang='lat' dir='ltr'>Ich</span> <span class='ocrx_word' id='word_1_421' title='bbox 773 4497 1065 4563; x_wconf 75' lang='lat' dir='ltr'>vermutlze,</span> <span class='ocrx_word' id='word_1_422' title='bbox 1120 4502 1287 4550; x_wconf 68' lang='grc'><strong>1111101·</strong></span> <span class='ocrx_word' id='word_1_423' title='bbox 1337 4497 1444 4549; x_wconf 76' lang='lat' dir='ltr'>den</span> <span class='ocrx_word' id='word_1_424' title='bbox 1498 4496 1691 4550; x_wconf 76' lang='lat' dir='ltr'>beiden</span> <span class='ocrx_word' id='word_1_425' title='bbox 1726 4496 1998 4551; x_wconf 73' lang='lat' dir='ltr'>Heinrich</span> <span class='ocrx_word' id='word_1_426' title='bbox 2051 4496 2197 4551; x_wconf 74' lang='lat' dir='ltr'>scien</span> <span class='ocrx_word' id='word_1_427' title='bbox 2246 4496 2514 4549; x_wconf 73' lang='lat' dir='ltr'>Heinrich</span> <span class='ocrx_word' id='word_1_428' title='bbox 2559 4495 2680 4549; x_wconf 79' lang='lat' dir='ltr'>und</span> <span class='ocrx_word' id='word_1_429' title='bbox 2728 4496 2905 4551; x_wconf 76' lang='lat' dir='ltr'>Erick</span> 
     </span>
     <span class='ocr_line' id='line_1_39' title="bbox 250 4582 2902 4655; baseline -0 -14"><span class='ocrx_word' id='word_1_430' title='bbox 250 4605 360 4641; x_wconf 80' lang='lat' dir='ltr'>von</span> <span class='ocrx_word' id='word_1_431' title='bbox 397 4588 827 4654; x_wconf 75' lang='lat' dir='ltr'>Brawnschwciy</span> <span class='ocrx_word' id='word_1_432' title='bbox 863 4604 931 4640; x_wconf 80' lang='lat' dir='ltr'>zu</span> <span class='ocrx_word' id='word_1_433' title='bbox 966 4588 1238 4640; x_wconf 70' lang='lat' dir='ltr'>verstehen</span> <span class='ocrx_word' id='word_1_434' title='bbox 1272 4585 1393 4639; x_wconf 78' lang='lat' dir='ltr'>und</span> <span class='ocrx_word' id='word_1_435' title='bbox 1429 4582 1733 4653; x_wconf 76' lang='lat' dir='ltr'>austerdem</span> <span class='ocrx_word' id='word_1_436' title='bbox 1770 4588 1850 4638; x_wconf 71' lang='lat' dir='ltr'>sei</span> <span class='ocrx_word' id='word_1_437' title='bbox 1895 4586 1992 4639; x_wconf 80' lang='lat' dir='ltr'>der</span> <span class='ocrx_word' id='word_1_438' title='bbox 2029 4586 2308 4652; x_wconf 65' lang='lat' dir='ltr'>Kurftirst</span> <span class='ocrx_word' id='word_1_439' title='bbox 2353 4603 2459 4639; x_wconf 82' lang='lat' dir='ltr'>von</span> <span class='ocrx_word' id='word_1_440' title='bbox 2497 4585 2902 4655; x_wconf 74' lang='lat' dir='ltr'>Brundenbury</span> 
     </span>
     <span class='ocr_line' id='line_1_40' title="bbox 250 4675 2904 4745; baseline -0.001 -13"><span class='ocrx_word' id='word_1_441' title='bbox 250 4694 358 4732; x_wconf 76' lang='lat' dir='ltr'>von</span> <span class='ocrx_word' id='word_1_442' title='bbox 392 4676 545 4730; x_wconf 75' lang='lat' dir='ltr'>Hem</span> <span class='ocrx_word' id='word_1_443' title='bbox 580 4676 700 4730; x_wconf 80' lang='lat' dir='ltr'>dem</span> <span class='ocrx_word' id='word_1_444' title='bbox 736 4675 994 4729; x_wconf 74' lang='lat' dir='ltr'>Nuntius</span> <span class='ocrx_word' id='word_1_445' title='bbox 1038 4676 1293 4741; x_wconf 68' lang='lat' dir='ltr'>nanthaft</span> <span class='ocrx_word' id='word_1_446' title='bbox 1338 4677 1587 4744; x_wconf 65' lang='lat' dir='ltr'>gemacht</span> <span class='ocrx_word' id='word_1_447' title='bbox 1634 4675 1854 4729; x_wconf 79' lang='lat' dir='ltr'>worden</span> <span class='ocrx_word' id='word_1_448' title='bbox 1864 4696 1883 4742; x_wconf 91' lang='lat'>,·</span> <span class='ocrx_word' id='word_1_449' title='bbox 1929 4677 2046 4730; x_wconf 76' lang='grc'><strong>0130</strong></span> <span class='ocrx_word' id='word_1_450' title='bbox 2089 4678 2219 4729; x_wconf 79' lang='lat' dir='ltr'>zwei</span> <span class='ocrx_word' id='word_1_451' title='bbox 2255 4676 2747 4745; x_wconf 71' lang='lat' dir='ltr'>Brawnschweiqer</span> <span class='ocrx_word' id='word_1_452' title='bbox 2782 4675 2904 4730; x_wconf 78' lang='lat' dir='ltr'>und</span> 
     </span>
     <span class='ocr_line' id='line_1_41' title="bbox 150 4765 2287 4835; baseline -0.002 -14"><span class='ocrx_word' id='word_1_453' title='bbox 150 4768 231 4821; x_wconf 76' lang='lat'>40</span> <span class='ocrx_word' id='word_1_454' title='bbox 250 4768 345 4821; x_wconf 70' lang='grc'><strong>0111</strong></span> <span class='ocrx_word' id='word_1_455' title='bbox 383 4766 866 4835; x_wconf 74' lang='lat' dir='ltr'>Brandenburyer,</span> <span class='ocrx_word' id='word_1_456' title='bbox 904 4783 1016 4819; x_wconf 77' lang='lat' dir='ltr'>was</span> <span class='ocrx_word' id='word_1_457' title='bbox 1052 4765 1209 4818; x_wconf 69' lang='lat' dir='ltr'>dama</span> <span class='ocrx_word' id='word_1_458' title='bbox 1244 4766 1477 4819; x_wconf 69' lang='lat' dir='ltr'>Morene</span> <span class='ocrx_word' id='word_1_459' title='bbox 1514 4766 1841 4819; x_wconf 74' lang='lat' dir='ltr'>verwecheelt</span> <span class='ocrx_word' id='word_1_460' title='bbox 1878 4765 2052 4818; x_wconf 78' lang='lat' dir='ltr'>haben</span> <span class='ocrx_word' id='word_1_461' title='bbox 2088 4765 2287 4818; x_wconf 73' lang='lat' dir='ltr'>wz&#39;irde.</span> 
     </span>
    </p>
   </div>
   <div class='ocr_carea' id='block_1_4' title="bbox 2927 575 3175 711">
    <p class='ocr_par' dir='ltr' id='par_1_5' title="bbox 2927 575 3175 711">
     <span class='ocr_line' id='line_1_42' title="bbox 2981 575 3121 626; baseline -0.007 -1"><span class='ocrx_word' id='word_1_462' title='bbox 2981 575 3121 626; x_wconf 78' lang='lat'><strong><em>1538</em></strong></span> 
     </span>
     <span class='ocr_line' id='line_1_43' title="bbox 2927 644 3175 711; baseline 0.004 -15"><span class='ocrx_word' id='word_1_463' title='bbox 2927 644 3064 711; x_wconf 75' lang='lat' dir='ltr'>Apr.</span> <span class='ocrx_word' id='word_1_464' title='bbox 3100 646 3175 697; x_wconf 80' lang='lat'>27</span> 
     </span>
    </p>
   </div>
  </div>
 </body>
</html>
