3500 5300
594 343 702 406 2oe
1339 347 1439 403 No.
1478 348 1719 402 82-832
1765 347 1899 402 1538
1936 348 2083 401 Man
2120 346 2509 418 23.—Apri12.
3385 11 3449 421 ἡ

386 547 527 596 1338
597 540 781 629 quale
838 542 875 605 ὲ
935 549 1098 607 stata
1155 540 1452 630 alquanto
1512 544 1663 607 mite
1708 552 1772 607 et
1815 541 2026 628 larga,
2090 542 2353 607 essendo
2400 544 2750 607 necessario
2797 544 3172 608 inter-tenere
3212 566 3248 606 a

322 615 464 669 Mrz’
501 618 579 670 23
596 657 815 736 questo
873 649 1060 714 modo
1121 652 1323 736 questi
1383 651 1652 735 principi
1710 649 1778 714 di
1823 649 2170 715 Germania
2228 658 2291 714 et
2348 651 2550 715 anche
2596 650 2858 714 essendo
2905 652 3246 714 necessario

598 757 713 821 che
770 758 823 820 si
887 757 1168 842 proveda
1229 755 1334 820 alli
1395 758 1703 820 excessivi
1782 756 2098 820 desordini
2157 756 2235 819 de
2293 756 2532 842 prelati.
2636 767 2699 821 et
2759 755 2992 842 perche
3053 758 3249 840 (come

595 865 676 929 V.
726 864 786 928 S.
835 864 963 927 ΒΨ·
1009 863 1268 950 vedera)
1327 865 1534 928 scrivo
1591 887 1631 927 a
1678 864 1809 928 Sua
1854 864 2146 950 Signoria
2189 863 2339 928 lum
2387 863 2483 927 ch'
2542 866 2603 928 io
2661 886 2742 927 ne
2796 864 2954 928 dare
3000 866 3176 928 aviso
3217 887 3251 927 a

597 970 728 1036 Sua
773 971 1036 1047 Santita,
1084 973 1229 1035 sara
1275 970 1435 1035 bene
1481 970 1597 1034 che
1643 971 1776 1035 Sua
1821 970 2256 1054 Beatitudine‚
2313 971 2818 1035 commendando
2864 969 2909 1034 il
2955 970 3251 1034 desiderio
3291 977 3318 1028 5

597 1078 662 1142 di
709 1087 927 1164 questo
988 1079 1291 1164 principe,
1338 1076 1383 1141 li
1428 1078 1634 1142 faccia
1680 1080 1954 1142 scrivere
1985 1071 2254 1164 qualche
2302 1077 2621 1142 amorevol
2668 1078 2864 1142 breve
2906 1100 3026 1142 con
3057 1076 3252 1164 quella

598 1186 996 1249 concessione
1044 1184 1160 1248 che
1206 1183 1249 1248 li
1294 1186 1522 1270 parera
1541 1234 1558 1266 ,
1604 1184 1838 1271 perche
1884 1187 2030 1248 sara
2074 1185 2140 1248 di
2185 1208 2345 1270 gran
2393 1194 2709 1250 momento
2756 1208 2797 1249 a
2841 1183 3006 1249 darli
3052 1186 3251 1248 animo

599 1301 663 1355 et
721 1290 1120 1356 confirmarlo
1177 1292 1243 1354 in
1308 1289 1517 1377 quella
1575 1293 1881 1377 openione
1940 1290 2088 1378 qual
2148 1301 2685 1357 constantemente
2753 1294 2890 1356 sino
2959 1315 3000 1355 a
3068 1291 3252 1378 quest'

600 1396 823 1461 ultima
868 1420 982 1461 sua
1028 1396 1324 1461 vechieza
1372 1396 1455 1461 ha
1501 1406 1889 1462 conservato,
1983 1409 2047 1462 et
2090 1398 2270 1484 sapia
2315 1399 2446 1464 Sua
2477 1401 2725 1465 Santita
2769 1398 2887 1464 che
2933 1397 2978 1462 li
3025 1397 3254 1462 excessi

601 1504 681 1568 de
725 1503 948 1590 prelati
995 1527 1150 1568 sono
1196 1512 1370 1569 tanto
1417 1507 1657 1569 enormi
1714 1507 1778 1568 in
1827 1513 2046 1591 queste
2104 1507 2429 1591 provincie
2476 1505 2590 1571 che
2637 1529 2761 1570 non
2810 1507 2847 1569 e
2893 1503 3257 1591 maraviglia
3277 1510 3324 1562 10

603 1610 831 1676 alcuna
905 1611 997 1675 s'il
1054 1610 1457 1676 Lutherismo
1511 1634 1625 1698 per
1691 1611 1736 1676 li
1805 1614 2001 1676 nostri
2069 1612 2219 1676 mali
2291 1612 2565 1699 exempli
2634 1614 2778 1698 ogn'
2849 1612 3008 1677 hora
3074 1611 3258 1698 piglia

603 1719 1017 1807 augumento!

784 1826 1098 1890 Havendo
1144 1824 1336 1890 hauto
1382 1834 1667 1912 resposta
1711 1826 1798 1890 da
1838 1827 1914 1892 V.
1948 1826 2008 1892 S.
2041 1826 2171 1891 ΒΡ*
2217 1834 2280 1891 et
2323 1825 2472 1891 lllw·
2519 1849 2559 1891 a
2605 1832 2762 1890 tutte
2809 1825 2865 1890 le
2897 1828 3024 1891 mie
3054 1825 3262 1890 lettere

338 1935 400 1988 F
403 1936 481 1989 br·
519 1937 585 1987 11
605 1936 700 1998 sin
748 1933 827 1997 de
880 1946 950 1998 11
1006 1932 1093 1995 dil
1139 1942 1390 2020 passato
1438 1956 1627 1997 senza
1671 1935 1988 1998 mentione
2034 1933 2263 1998 alcuna
2318 1933 2423 1998 del
2470 1934 2595 1996 mio
2641 1934 2913 2014 ritorn0‚
2970 1935 3058 1997 mi
3116 1955 3261 1998 sono

604 2040 906 2128 alquanto
953 2041 1346 2121 contristato,
1393 2039 1853 2104 considerando
1899 2040 1962 2103 la
2006 2064 2166 2126 gran
2212 2043 2446 2105 iattura
2492 2038 2641 2126 qual
2684 2039 3263 2126 irreparabilmente
3280 2043 3333 2097 15

603 2148 754 2212 fano
800 2146 857 2211 le
904 2167 1046 2210 cose
1091 2145 1157 2209 di
1204 2169 1353 2210 casa
1397 2148 1524 2210 mia
1570 2154 1632 2210 et
1678 2146 1881 2233 quelle
1928 2146 2030 2211 del
2065 2155 2358 2212 vescoato
2403 2155 2465 2212 et
2510 2146 2553 2210 il
2598 2169 2757 2233 poco
2806 2149 3061 2211 servitio
3107 2147 3264 2212 ch’io

604 2256 806 2319 saccio
865 2256 973 2340 qui
1032 2276 1073 2317 a
1132 2254 1263 2318 Sua
1320 2251 1583 2319 Santita.
1675 2255 1828 2340 pero
1891 2277 2043 2319 sono
2106 2257 2376 2319 sforzato
2437 2254 2504 2317 di
2563 2277 2728 2318 novo
2787 2263 3025 2340 quanto
3085 2276 3265 2340 poseo

605 2361 915 2448 suplicarc
960 2360 1169 2448 quella
1214 2361 1264 2424 si
1310 2361 1500 2446 degni
1546 2362 1729 2425 farmi
1778 2369 2054 2426 ottencre
2114 2370 2337 2449 questa
2382 2362 2619 2447 gratia,
2666 2359 3164 2425 concedendomi
3210 2359 3266 2424 al

606 2491 791 2534 meno
838 2466 1087 2532 licentia
1132 2467 1193 2531 al
1237 2479 1525 2554 presente
1571 2491 1685 2555 per
1730 2469 1835 2532 doi
1883 2492 1920 2533 o
1967 2476 2062 2533 tre
2107 2471 2294 2552 mesi,
2343 2468 2592 2555 perche,
2640 2468 2899 2554 quando
2947 2469 3078 2533 Sua
3114 2467 3265 2532 San-

609 2577 727 2641 tita
770 2575 984 2661 voglia
1028 2573 1124 2639 ch'
1171 2576 1232 2638 io
1280 2576 1517 2657 ritorni,
1565 2597 1740 2639 come
1788 2597 2033 2662 sempre
2079 2574 2160 2639 ho
2208 2574 2559 2661 significato
2605 2598 2645 2638 a
2692 2574 2767 2638 V.
2818 2575 2878 2639 S.
2927 2575 3083 2656 R¹¹¹⁸‚
3130 2575 3341 2638 saroffi

607 2685 1005 2771 paratissimo
1049 2683 1133 2746 ad
1181 2681 1467 2746 ubedirli.
1559 2691 1622 2747 et
1668 2706 1794 2747 non
1842 2686 1986 2747 sara
2045 2685 2187 2748 fuor
2243 2684 2309 2747 di
2353 2685 2675 2769 proposito
2734 2682 2850 2747 che
2907 2681 3266 2768 presential-

609 2802 818 2855 mente
863 2812 1048 2877 possa
1093 2791 1246 2854 darc
1293 2789 1556 2876 qualche
1603 2790 1932 2876 ragnaglio
1979 2815 2018 2854 a
2061 2790 2192 2855 Sua
2247 2791 2494 2856 Santitb.
2538 2790 2603 2853 di
2650 2788 2858 2876 quello
2887 2812 3050 2876 poco
3082 2790 3182 2853 ch’
3211 2791 3267 2852 io

611 2898 693 2964 ho
739 2899 1098 2963 conosciuto
1145 2897 1210 2961 di
1252 2920 1395 2984 qua,
1441 2899 1659 2961 avanti
1704 2897 1749 2962 il
1793 2899 2103 2984 principio
2151 2897 2251 2962 del
2299 2897 2585 2980 concilio,
2635 2896 2806 2962 siche
2854 2897 2930 2960 V.
2965 2896 3030 2962 S.
3062 2897 3190 2960 ΒΡ·
3221 2897 3268 2959 si

611 3006 803 3091 degni
860 3027 974 3091 per
1029 3012 1249 3090 questo
1307 3013 1370 3068 et
1428 3027 1543 3091 per
1588 3006 1873 3070 satisfare
1919 3028 1959 3069 a
2017 3016 2237 3092 questa
2282 3005 2728 3090 urgentissima
2773 3005 3083 3068 necessita
3126 3005 3268 3083 mia,

611 3114 748 3178 fare
792 3113 1090 3175 talmente
1147 3112 1242 3175 ch'
1308 3113 1369 3175 io
1415 3110 1611 3176 habbi
1658 3120 1880 3199 questa
1924 3111 2206 3195 licentia,
2252 3120 2315 3176 et
2361 3133 2549 3175 senza
2592 3111 2859 3196 perdere
2917 3120 3130 3197 tempo
3190 3108 3337 3174 al-ff]

614 3242 779 3283 cuno
826 3217 1034 3282 subito
1081 3219 1375 3304 expedite
1422 3218 1478 3282 le
1525 3241 1668 3282 cose
1715 3218 1782 3282 di
1827 3220 2115 3303 maggior
2160 3220 2570 3303 importanza‚
2617 3239 2683 3280 se
2723 3219 2868 3280 sara
2913 3215 2959 3280 il
2990 3216 3270 3302 bisogno,

614 3326 925 3390 ritornaro
971 3325 1054 3388 ad
1100 3328 1250 3410 ogni
1295 3325 1559 3390 volunta
1604 3325 1667 3389 di
1715 3326 1846 3389 Sua
1885 3325 2305 3407 Beatitudine,
2350 3323 2475 3388 alla
2519 3323 2667 3410 qual
2715 3322 3126 3389 liumilmente
3172 3329 3270 3387 etc.

346 3436 488 3491 Mrz·
525 3438 598 3488 23
794 3433 901 3497 Da
946 3433 1158 3518 Praga
1204 3455 1244 3495 a
1288 3432 1352 3495 di
1403 3444 1484 3498 23
1534 3432 1599 3496 di
1644 3433 1872 3496 martio
1925 3442 2110 3498 1538.

387 3650 526 3718 APY·
561 3653 601 3704 2
620 3647 734 3715 83.
827 3647 1089 3711 Morene
1132 3669 1219 3710 (m
1266 3647 1545 3712 Etmwse
1559 3667 1580 3710 .·
1636 3646 1957 3728 Beschlvfi
2001 3647 2110 3710 des
2167 3646 2554 3709 bohomzechen
2598 3646 2929 3726 Landtays
2975 3645 3055 3709 H
3051 3644 3158 3725 ilfe
3201 3663 3270 3706 εει

615 3755 976 3837 yewcihrem
1024 3756 1385 3835 Ameteuny
1444 3755 1610 3817 eines
1665 3775 1867 3816 neuen
1915 3753 2271 3834 Lamlmyes
2326 3774 2444 3817 zur
2491 3752 2933 3833 Bestimmuny
2977 3753 3090 3815 der
3134 3751 3340 3815 Μο-ὃῡ

621 3862 949 3926 dalitc‘iten.
1042 3861 1495 3943 Lcmysamlceit
1539 3862 1645 3924 der
1704 3860 2180 3941 Vorkehrunyen
2225 3860 2329 3923 des
2377 3859 2666 3935 Βθίοῆεε,
2725 3857 3029 3922 even-tuen
3085 3856 3270 3921 durch

621 3970 743 4034 den
789 3969 1030 4033 Kaiser
1075 3968 1626 4049 Bcschleum'yuny
1679 3988 1761 4032 zu
1820 3967 2152 4031 erreichen.
2253 3966 2554 4048 Tays'ahrt
2598 3966 2710 4030 der
2753 3964 3163 4029 Lutheraner
3201 3986 3272 4027 ἵει

622 4076 1125 4158 Braunschweiy
1137 4097 1160 4154 ;
1215 4077 1429 4139 daran
1471 4076 1809 4156 yekvziipfte
1857 4073 2387 4154 Befnrchtunyen.
2481 4072 2814 4137 Bevorsteh
2822 4073 2979 4137 ende
3027 4074 3273 4136 Abresse

624 4184 730 4247 des
769 4182 1113 4247 Cardinals
1144 4204 1262 4247 von
1296 4183 1515 4246 Trient
1546 4183 1619 4245 in
1653 4181 2128 4261 Gemeinschaft
2164 4182 2284 4243 mit
2312 4180 2452 4244 dem
2482 4180 2714 4259 Neffen
2744 4180 2851 4243 des
2881 4178 3273 4244 Statthalters

623 4310 741 4354 von
790 4289 1090 4367 Bo'hmen,
1138 4291 1248 4353 der
1292 4291 1426 4353 dem
1460 4290 1665 4369 I’apst
1710 4288 2067 4369 aufwartcn
2111 4287 2256 4365 will,
2303 4288 2438 4350 und
2479 4287 2614 4350 dem
2645 4287 2762 4350 wol
2798 4288 3270 4351 untmichteten
3285 4285 3338 4340 :35

630 4396 919 4476 Gasmre
995 4396 1270 4460 (micola.
1400 4396 1790 4476 ll'ielete'ykeit
1869 4395 2356 4475 hemarraymzde
2434 4393 2718 4457 Mc‘irmer
2795 4415 2876 4456 zu
2941 4396 3270 4474 yeaednmn.

626 4502 1045 4585 Eiuscmluny
1107 4505 1278 4566 eines·
1340 4502 1616 4567 Gema-hs
1691 4502 1798 4565 des
1859 4503 2250 4581 Kursiirstcn
2311 4522 2429 4563 von-
2485 4500 2990 4582 Bramlenbury.
3072 4503 3270 4566 desset*

631 4610 1037 4691 Gewc'z'laerung]
1084 4611 1195 4673 der
1234 4610 1522 4673 Nuntius
1567 4615 1723 4673 trote
1757 4609 2363 4688 Benacletheiliyunq
2408 4608 2520 4670 der
2551 4607 2926 4686 Kapuaeincr
2972 4606 3271 4690 emptiehlt.

630 4718 911 4781 Erneute
956 4718 1131 4780 Bitte
1177 4739 1283 4779 um
1332 4717 1747 4797 Abbaerecfuny
1793 4717 1937 4779 odet·
1995 4715 2252 4779 Urlaub.
2353 4718 2510 4777 1538
2555 4713 2749 4794 April
2792 4718 2838 4779 2
2885 4713 3086 4803 Pray.
