3500 5300
1360 355 1468 412 Nc.
1509 357 1604 411 1*:
1642 357 1798 412 1536.
2806 355 2914 417 886

267 573 382 616 sua
427 550 825 617 ordinatione
870 550 1315 618 contribuebat
1358 553 1752 638 imperatori,
1801 561 1866 618 et
1912 563 2010 618 est
2057 555 2123 619 id
2168 554 2332 619 forte
2379 554 2459 620 de
2505 576 2631 641 quo
2676 556 2913 619 mentio
2967 558 3106 610 1536

264 657 534 725 habetur
594 667 695 725 23.
743 682 801 744 q.
848 666 887 724 8
934 679 989 724 c.
1032 659 1339 723 tributum
1370 662 1443 739 ¹):
1500 661 1591 724 ita
1647 669 1710 724 et
1757 662 2177 747 suscipientes
2232 661 2423 726 modo
2482 660 2912 725 ordinationes

263 766 344 830 ab
390 768 531 854 ipso
575 787 742 853 papa
786 766 1026 852 aliquid
1072 768 1129 829 ei
1175 765 1560 853 persolvant,
1604 775 1906 853 tanquam
1951 770 2017 831 in
2060 770 2160 853 jus
2207 769 2464 833 alterius
2514 771 2910 834 successerit.

263 872 644 939 arbitrantur
688 873 795 938 alii
836 896 875 938 a
902 874 1218 960 principio
1250 896 1374 938 non
1409 875 1574 959 exigi
1606 873 1825 939 solitas
1857 883 2138 955 annatas,
2185 874 2299 940 sed
2327 886 2650 961 promotos
2683 885 2910 960 sponte

211 987 245 1042 5
262 980 648 1065 persolvisse
693 980 1175 1067 oblationesque
1219 982 1285 1044 in
1329 983 1583 1067 scriptis
1629 980 1921 1047 redactas
1966 982 2272 1068 paulatim
2318 982 2766 1066 obligationem
2814 984 2911 1046 in-

261 1086 538 1166 duxisse,
569 1088 736 1152 sicut
760 1089 948 1151 etiam
972 1086 1191 1152 fideles
1216 1087 1300 1152 ad
1322 1088 1673 1153 oblationes
1698 1096 2013 1172 coguntur
2035 1112 2158 1175 que
2188 1089 2270 1153 ab
2293 1090 2473 1154 initio
2499 1087 2676 1153 fuere
2701 1111 2780 1153 ex
2812 1111 2911 1154 ar-

260 1194 477 1259 bitrio:
538 1216 593 1259 c.
631 1196 833 1260 omnis
859 1193 1260 1260 Christianus
1297 1194 1377 1259 de
1414 1216 1734 1260 consecra.
1771 1194 1853 1260 di.
1884 1208 1912 1263 1
1949 1198 1997 1277 ²)
2013 1220 2031 1277 3
2067 1218 2121 1261 c.
2158 1198 2489 1261 statuimus
2533 1205 2631 1263 16.
2669 1219 2728 1281 q.
2780 1206 2809 1261 1
2844 1197 2907 1276 ⁸).

261 1322 378 1367 nec
439 1300 701 1367 defuere
762 1303 871 1388 qui
945 1310 1381 1366 asseverarent
1448 1302 1617 1367 hunc
1677 1304 1866 1368 etiam
1921 1304 2252 1389 antiquum
2313 1324 2550 1367 morem
2621 1304 2907 1368 extitisse

261 1408 591 1494 gentilium
636 1408 1071 1489 sacerdotum3
1131 1408 1412 1473 Joannes
1472 1410 1639 1473 enim
1686 1407 2090 1475 Gramaticus
2146 1415 2239 1494 (ut
2297 1408 2492 1474 refert
2535 1408 2906 1474 Fernandus

176 1521 245 1577 10
263 1514 694 1582 Cordubensis
739 1517 809 1580 in
851 1538 967 1580 suo
1012 1524 1286 1581 tractatu
1332 1515 1412 1580 de
1459 1517 1727 1595 annatis)
1774 1538 1968 1603 super
2011 1514 2170 1580 illud
2201 1515 2557 1582 Aristotelis
2600 1518 2670 1581 in
2703 1516 2906 1581 Meth.

262 1622 661 1688 sacerdotum
705 1646 906 1709 genus
968 1621 1140 1709 apud
1184 1622 1478 1710 Egiptios
1536 1645 1769 1688 vacare
1815 1622 2142 1689 dimissum
2190 1633 2287 1688 est
2299 1672 2318 1703 ,
2376 1624 2613 1709 inquit:
2659 1622 2902 1710 Egiptii

259 1730 562 1817 primum,
607 1728 843 1794 deinde
904 1731 1183 1793 omnium
1242 1732 1529 1814 gentium
1589 1728 1954 1794 sacerdotes
2013 1729 2274 1795 fuerunt
2330 1729 2709 1816 locupleteS,
2764 1752 2906 1817 pre·

260 1838 479 1902 sertim
524 1838 834 1900 maximus
881 1835 1208 1917 sacerdos;
1254 1859 1401 1901 nam
1444 1836 1780 1901 inferiores
1826 1835 2192 1902 sacerdotes
2237 1839 2304 1901 in
2363 1837 2652 1921 ingressu
2698 1859 2905 1903 sacer·

260 1944 417 2009 dotii
461 1943 735 2009 mediam
778 1952 1021 2030 partem
1068 1942 1429 2008 reddituum
1472 1965 1718 2008 summo
1766 1943 2084 2009 sacerdoti
2127 1943 2583 2009 ministrabant

172 2057 240 2111 15
436 2050 566 2116 Sed
597 2072 1058 2137 quamcumque
1097 2049 1430 2116 habuerint
1459 2052 1789 2135 originem,
1832 2053 1988 2116 satis
2034 2058 2285 2116 constat
2329 2052 2456 2136 jam
2485 2048 2598 2115 diu
2628 2051 2905 2115 omnium

256 2158 635 2246 populorum
681 2180 995 2222 consensu
1024 2165 1334 2245 receptas,
1378 2179 1497 2222 usu
1542 2158 1985 2245 comprobatas
2002 2207 2018 2237 ‚
2061 2180 2178 2245 per
2207 2156 2705 2223 Constanciense
2752 2180 2903 2223 con·

257 2265 473 2330 cilium
501 2273 649 2352 post
676 2263 1075 2332 Vienensem
1105 2264 1433 2344 admissas,
1472 2288 1756 2330 normam
1787 2266 1977 2330 etiam
2004 2264 2406 2351 prescribens
2436 2287 2562 2351 que
2591 2267 2657 2329 in
2690 2286 2904 2330 earum

257 2371 570 2437 solutione
638 2374 724 2436 sit
778 2370 1190 2437 observanda.
1260 2395 1416 2458 quas
1467 2375 1587 2438 etsi
1655 2373 2056 2438 revocaverit
2119 2372 2474 2437 Basiliense
2542 2371 2902 2451 concilium,

254 2481 415 2543 irriti
460 2489 671 2544 tamen
717 2487 783 2543 et
827 2481 1046 2544 inanes
1092 2479 1273 2543 fuere
1320 2502 1539 2544 eorum
1584 2489 1866 2559 conatus,
1910 2481 2020 2564 qui
2078 2478 2224 2543 odio
2283 2480 2497 2566 potius
2557 2480 2624 2544 in
2668 2479 2901 2544 Roma·

164 2589 237 2646 20
255 2609 407 2652 num
449 2586 813 2674 pontificem
857 2585 1215 2672 Eugenium
1260 2584 1387 2652 IV.
1433 2607 1622 2674 quam
1667 2585 1804 2651 zelo
1866 2587 2164 2673 equitatis
2222 2595 2287 2651 et
2340 2587 2592 2671 justicie
2652 2585 2732 2652 de
2790 2609 2901 2652 an-

253 2695 421 2760 natis
469 2702 535 2759 et
578 2694 715 2759 aliis
759 2693 1049 2781 pluribus
1095 2695 1231 2759 ausi
1277 2703 1424 2759 sunt
1468 2715 1668 2760 novas
1716 2692 1908 2759 edere
1953 2695 2463 2760 constituciones.

430 2800 842 2889 Quapropter
887 2801 1183 2865 monendi
1231 2799 1527 2866 hortandi
1574 2809 1766 2886 atque
1812 2802 2000 2865 etiam
2044 2798 2307 2886 rogandi
2373 2822 2592 2865 omnes
2653 2803 2900 2887 imperii

250 2908 524 2988 ordines,
569 2908 774 2974 nolint
815 2916 913 2972 tot
954 2908 1252 2995 precibus
1298 2905 1686 2973 contendere
1732 2915 2102 2972 annatarum
2148 2907 2552 2972 abolitionem
2612 2929 2899 2993 equoque

251 3017 461 3080 animo
507 3014 716 3080 ferant
760 3013 931 3102 quod
974 3016 1207 3080 'eorum
1262 3015 1698 3100 progenitores
1757 3022 1856 3079 tot
1913 3036 2217 3080 annorum
2269 3015 2430 3079 serie
2488 3036 2611 3077 non
2668 3016 2895 3078 minori

156 3133 230 3189 25
251 3124 490 3209 pietate
535 3144 723 3208 quam
768 3122 1174 3187 observantia
1218 3123 1285 3186 in
1330 3121 1680 3186 Romanam
1726 3121 2061 3187 ecclesiam
2106 3120 2328 3185 tullere
2344 3169 2359 3198 ,
2405 3122 2896 3207 permittantque

249 3229 542 3295 Romano
587 3229 872 3316 pontifici
917 3228 1090 3315 quod
1136 3250 1247 3293 sue
1293 3230 1568 3294 nationis
1612 3228 1894 3294 locorum
1954 3226 2285 3293 ordinariis
2298 3276 2317 3307 ,
2374 3227 2546 3313 quod
2600 3228 2896 3293 ecclesia—

248 3359 391 3402 rum
435 3337 755 3402 canonicis
801 3335 902 3400 vel
949 3335 1085 3402 sola
1131 3337 1321 3400 etiam
1365 3334 1820 3401 consuetudine
1879 3342 1977 3400 est
2034 3335 2441 3422 permissum,
2499 3336 2606 3420 qui
2662 3330 2931 3400 nedum'

248 3444 437 3508 unius
482 3444 630 3509 anni
662 3441 905 3508 medios
953 3441 1217 3523 fructus,
1262 3442 1378 3508 sed
1423 3445 1610 3508 unius
1658 3451 1723 3507 et
1752 3441 2028 3529 plurium
2073 3463 2376 3507 annorum
2406 3439 2691 3507 redditus
2736 3464 2894 3528 quos

248 3552 530 3616 carentie
574 3557 825 3629 vocant,
870 3549 1043 3616 nullo
1088 3549 1468 3616 reclamante
1510 3551 1886 3636 percipiunt.

150 3669 230 3725 30
426 3654 677 3735 Quodsi
722 3680 846 3744 que
891 3657 1159 3724 ecclesie
1216 3657 1359 3744 plus
1417 3667 1530 3722 aut
1584 3659 1791 3721 minus
1838 3654 2055 3721 debito
2114 3664 2328 3721 taxate
2388 3655 2631 3737 forent,
2675 3665 2892 3743 posset

247 3762 475 3830 Sanm-
531 3762 847 3830 Dominus
906 3763 1147 3830 Noster
1212 3767 1393 3851 juxta
1447 3762 1953 3830 Constantiensis
2026 3762 2276 3828 concilii
2336 3761 2661 3829 decretum
2727 3785 2894 3829 nova

247 3872 572 3938 taxatione
617 3870 699 3937 ad
746 3871 1101 3958 equabilem
1146 3871 1677 3938 contributionem
1722 3871 1864 3936 illas
1909 3867 2230 3936 reducere.

246 4053 353 4118 28.
419 4049 522 4115 De
582 4049 1047 4117 contributione
1093 4050 1664 4116 ecclesiasticorum
1723 4058 1788 4113 et
1831 4049 2266 4134 religiosarum
2313 4048 2611 4113 domuum
2671 4060 2892 4115 contra

514 4156 800 4223 Turchas
847 4180 921 4223 ac
968 4179 1084 4244 pro
1130 4155 1501 4222 defensione
1545 4158 1700 4242 juris
1749 4164 1814 4220 et
1857 4156 2307 4242 tranquilitatis
2354 4156 2626 4243 publice.

143 4275 223 4332 35
424 4262 496 4330 Si
541 4263 665 4331 hoc
708 4266 1073 4350 gravamine
1131 4262 1201 4330 id
1254 4265 1460 4348 agitur
1503 4272 1575 4328 ut
1627 4263 1929 4329 tollentur
1972 4262 2395 4327 immunitates
2440 4262 2889 4343 ecclesiastice,

243 4380 559 4458 repugnat
601 4370 670 4438 id
714 4370 948 4436 nedum
993 4373 1187 4438 sacris
1235 4369 1791 4437 constitutionibus
1808 4420 1824 4451 ,
1867 4367 1983 4435 sed
2013 4378 2092 4435 et
2136 4371 2371 4436 veteris
2417 4373 2780 4436 testamenti
2826 4381 2891 4435 et

546 4502 773 4509 ffl—

390 4567 1000 4638 1)(>..2.2(3.23ᾳ.8.

389 4658 430 4727 ²)
467 4675 510 4714 c.
550 4661 621 4713 69
655 4657 731 4713 D.
767 4659 811 4713 Ι
839 4657 906 4712 de
941 4674 1082 4715 cons.

390 4747 430 4818 ¹)
465 4765 510 4805 c.
547 4750 619 4803 55
656 4747 713 4804 Ο.
750 4750 819 4802 16
851 4764 901 4818 q.
936 4751 984 4802 1.

349 4852 973 4903 nunti-turbulente.
1003 4854 1120 4896 eruto
1147 4852 1433 4905 Autumnus.
1462 4852 1540 4895 so.
1571 4853 1631 4895 11.
2396 4835 2465 4889 25
