3500 5300
536 348 645 409 468
1330 348 1429 403 No,
1471 349 1780 403 185—186:
1820 346 1958 402 1535
1996 346 2209 416 August
2242 345 2420 402 5.-7.

346 549 520 601 15355
716 545 774 609 Il
822 546 1015 610 breve
1062 544 1127 608 di
1173 543 1444 608 Polonia
1499 545 1553 607 si
1602 549 1648 606 ,e
1693 542 1845 608 dato
1892 542 1952 606 al
1996 542 2126 607 Rm
2173 541 2510 620 Trivultio,
2553 548 2898 628 prottettor
2941 539 3007 605 di
3054 541 3212 627 quel

303 622 447 687 ΑΨ·
540 674 753 738 regno,
800 660 865 716 et
910 650 1042 716 Sua
1086 649 1382 735 Signoria
1426 649 1556 714 R¹³¹⁰
1601 649 1665 714 lo
1711 650 1971 713 inviara.
2063 654 2200 715 cosi
2244 646 2330 713 ha
2374 647 2583 733 quella
2626 646 2931 713 richiesto
2962 650 3025 730 ¹).

303 852 449 918 Any.
489 852 524 903 7
545 846 701 918 186.
810 847 1091 929 Ver-ymo
1135 868 1224 910 an
1270 845 1583 910 Ricalcati
1599 866 1621 909 .·
1669 844 1917 909 Besuch
1960 844 2053 909 bei
2098 844 2450 927 Markyraf
2476 844 2673 926 Geory
2718 865 2836 909 von
2869 843 3215 908 Branden-

542 955 731 1037 bury,·
783 953 1304 1035 ausyezeichneter
1349 952 1666 1034 Empfany
1710 951 1907 1016 durch
1963 952 2083 1015 den
2127 950 2541 1033 Markyrafen
2598 951 2737 1014 und
2792 950 2893 1014 die
2941 949 3218 1028 δάκω·

557 1060 1118 1142 Veranstaltunyen
1161 1080 1243 1124 zu
1272 1060 1484 1123 seinen
1515 1058 1744 1123 Ehren.
1831 1058 2035 1140 Grcfie
2066 1057 2468 1140 Hoffnunyen
2511 1057 2617 1122 des
2650 1057 2940 1121 Nmztius
2970 1056 3046 1120 in
3077 1054 3216 1120 Be-
3273 1062 3315 1115 5

541 1167 686 1246 treff
734 1166 845 1230 der
875 1165 1274 1248 Miiylichlceit
1316 1167 1484 1229 einer
1510 1164 2132 1247 Zuriideyewinnuny
2177 1164 2286 1228 der
2313 1163 2766 1246 Abqefauevoen.
2846 1162 3221 1227 Zuversicht

539 1274 651 1355 fiir
696 1274 814 1336 clas
853 1272 1093 1353 femere
1146 1271 1446 1354 Gelinqen
1490 1272 1692 1336 semer
1736 1272 2029 1336 Mission.
2122 1275 2282 1336 1535
2327 1272 2581 1353 Auyust
2624 1273 2666 1334 7
2712 1269 3062 1352 Niimbety.

687 1416 810 1469 Aue
847 1414 1004 1482 Rom,
1040 1414 1187 1469 Bibl.
1231 1414 1357 1468 Vat.
1395 1412 1527 1469 eod.
1567 1413 1697 1470 vat.
1725 1412 1869 1469 3914
1904 1412 1995 1468 fol.
2036 1412 2400 1469 {mh-228·
2436 1413 2567 1482 Gop.
2604 1429 2782 1468 coaev.

723 1539 799 1603 Io
858 1539 1050 1604 credo
1108 1538 1264 1603 hora
1321 1537 1385 1602 di
1445 1538 1646 1604 dover
1704 1539 1982 1603 scrivere
2030 1559 2195 1603 nove
2251 1538 2420 1602 nella
2478 1539 2739 1602 materia
2785 1536 2893 1602 del
2938 1537 3220 1602 concilio

546 1647 664 1711 che
725 1648 1102 1733 piaceranno
1163 1668 1200 1709 a
1258 1644 1498 1709 Nostro
1556 1643 1822 1729 Signore
1884 1653 1950 1708 et
1992 1653 2357 1710 veramente
2426 1644 2545 1709 che
2615 1665 2773 1708 sono
2841 1641 2926 1708 da
2995 1644 3225 1708 stimat
3248 1651 3318 1704 10

548 1755 735 1817 assai.
826 1752 871 1815 li
918 1750 1229 1816 marchesi
1275 1749 1833 1835 Brandeburgensi
1895 1772 2050 1815 sono
2096 1752 2370 1836 principi
2419 1749 2484 1815 di
2532 1773 2615 1814 un
2673 1772 2829 1833 gran
2874 1748 3223 1836 splendore

550 1867 614 1923 et
659 1857 725 1922 di
773 1882 900 1923 una
939 1856 1178 1942 grande
1226 1859 1543 1922 auttorita.
1614 1866 1712 1922 tra
1757 1858 1846 1942 gli
1892 1857 2032 1921 altri
2064 1859 2133 1921 vi
2179 1864 2214 1921 e
2258 1857 2415 1922 hora
2460 1856 2507 1920 il
2552 1858 2878 1922 marchese
2911 1855 3223 1941 Georgio,

548 1965 781 2029 huomo
827 1964 907 2028 de
951 1973 1034 2031 54
1068 1967 1217 2028 anni
1246 1966 1312 2042 ²),
1359 1972 1617 2028 versato
1663 1962 1934 2049 qualche
1965 1963 2143 2029 volta
2186 1967 2255 2027 in
2298 1964 2545 2047 negocii
2579 1974 2644 2027 et
2674 1962 2739 2027 di
2786 1965 2956 2028 assai
3005 1963 3224 2028 buono

551 2074 841 2156 ingegno.
955 2069 1329 2135 administra
1387 2079 1556 2134 tutta
1626 2080 1853 2154 questa
1910 2072 2162 2156 portion
2224 2068 2329 2134 del
2390 2069 2805 2134 marchesado
2864 2069 2986 2134 che
3050 2075 3085 2132 e
3151 2072 3227 2134 in

551 2177 937 2255 Franconia‚
998 2175 1123 2241 due
1181 2176 1398 2241 ducati
1459 2179 1524 2240 in
1571 2174 1779 2240 Slesia
1825 2186 1891 2240 et
1935 2176 2145 2242 alcuni
2191 2176 2453 2241 dominii
2502 2180 2566 2240 in
2614 2169 2979 2261 Ungheria,
3039 2198 3224 2241 come
3248 2183 3320 2238 15

552 2292 816 2371 pat-rone
862 2285 923 2346 in
972 2292 1150 2369 parte
1199 2293 1265 2347 et
1308 2293 1486 2368 parte
1534 2285 1595 2346 in
1644 2304 1829 2347 nome
1876 2283 1943 2347 di
1990 2306 2106 2347 suo
2154 2291 2385 2369 nepote
2432 2281 2719 2362 Alberto,
2771 2283 2891 2349 che
2936 2289 2971 2346 e
3018 2282 3087 2347 di
3138 2293 3225 2349 13

552 2391 700 2454 anni
728 2392 775 2470 ⁸)
847 2403 910 2453 et
969 2390 1040 2452 fu
1099 2388 1379 2474 figliuolo
1441 2388 1544 2453 del
1605 2389 1929 2454 marchese
1991 2389 2323 2454 CasimirO.
2418 2391 2459 2453 li
2531 2392 2677 2474 quai
2736 2387 3001 2454 dominii
3063 2411 3226 2455 sono

553 2498 727 2584 pieni
788 2496 852 2560 di
915 2519 994 2559 un
1056 2495 1404 2560 bellissimo
1463 2495 1718 2581 populo·
1812 2496 1855 2560 il
1917 2494 2236 2560 cardinale
2282 2495 2664 2578 Magantino
2726 2503 2760 2560 e
2806 2518 2923 2561 suo
2969 2499 3090 2575 zio,
3135 2499 3229 2561 si-

554 2626 733 2669 come
770 2593 864 2668 'fu
926 2603 1205 2668 etiandio
1252 2603 1525 2668 Joachin
1571 2603 1813 2673 ‚elettor
1858 2603 1941 2685 (la
2004 2605 2108 2669 eui
2167 2612 2397 2682 morte,
2458 2603 2626 2669 della
2673 2605 2823 2690 qual
2891 2605 3110 2669 scrissi
3155 2606 3224 2668 in

555 2708 795 2773 dubbio
822 2712 889 2789 ⁴),
936 2715 968 2771 ἰ·
1016 2711 1274 2773 riuscita
1320 2716 1492 2789 vera)
1511 2735 1527 2788 ;
1591 2709 1893 2788 Alberto,
1951 2709 2069 2773 che
2131 2732 2233 2773 era
2293 2719 2566 2774 maestro
2627 2710 2693 2774 di
2739 2710 3005 2776 Prussia
3052 2712 3328 2797 (quel20

555 2816 673 2881 che
719 2815 800 2879 ha
846 2818 952 2902 poi
1021 2838 1208 2902 presa
1277 2816 1507 2900 moglie
1578 2825 1641 2880 et
1712 2815 1818 2881 del
1885 2825 2051 2880 tutto
2110 2819 2163 2880 si
2220 2823 2254 2880 e
2301 2817 2574 2881 alienato
2634 2817 2801 2882 dalla
2859 2816 3231 2883 obedientia
3478 2866 3479 2907 3

556 2921 722 2986 della
753 2921 906 2986 sede
938 2923 1311 3008 apostolica)
1343 2928 1377 2985 e
1407 2945 1524 2987 suo
1557 2923 1825 3002 hatelh,
1872 2933 1937 2987 et
1968 2923 2290 2988 &villelmo
2323 2924 2516 2988 eletto
2548 2924 2842 3009 Regense
2890 2934 2957 2989 et
3000 2934 3231 3012 postu·
3478 2926 3479 2965 ¹

558 3029 688 3093 lato
737 3026 1122 3093 Livonicnse
1152 3031 1228 3111 ⁶),
1277 3040 1339 3093 et
1399 3028 1727 3094 Friderico
1761 3032 2119 3116 'preposito
2190 3029 2270 3095 de
2332 3029 2670 3117 Herbipoli
2697 3032 2776 3112 ⁶),
2846 3039 2910 3095 et
2974 3030 3232 3097 Joanne

561 3135 831 3200 Alberto
860 3136 924 3215 7).
1016 3136 1133 3200 hor
1179 3148 1402 3222 questo
1451 3138 1736 3223 principe
1771 3136 2053 3223 Georgio
2100 3145 2133 3200 e
2183 3160 2307 3201 uno
2354 3137 2433 3201 de
2480 3139 2815 3224 principali
2847 3136 3018 3203 della
3061 3146 3235 3203 setta

561 3242 892 3307 lutherana
965 3251 1395 3328 apertamente
1469 3252 1530 3306 et
1605 3265 1937 3329 compreso
1996 3265 2244 3329 sempre
2306 3267 2419 3329 per
2477 3247 2783 3330 precipuo
2849 3245 3016 3309 tralli
3078 3249 3233 3310 stati
3253 3255 3327 3309 21⁹>

563 3352 970 3435 protestanti‚
1030 3361 1091 3412 et
1153 3349 1298 3412 nelli
1337 3352 1501 3421 ,suoi
1562 3348 1825 3413 dominii
1883 3348 1967 3415 ha
2024 3350 2190 3415 fatto
2236 3359 2401 3415 tutte
2449 3351 2658 3436 quelle
2713 3353 3119 3417 immutation
3162 3355 3235 3417 in

566 3456 734 3521 fatto
781 3454 950 3519 della
995 3455 1142 3519 fede
1189 3455 1307 3520 che
1339 3456 1585 3521 Joannc
1617 3455 1931 3522 Federico
1979 3455 2206 3521 elettor
2250 3457 2417 3522 nella
2449 3455 2746 3523 Saxonia.
2822 3457 3121 3545 adunque
3166 3462 3235 3524 io

565 3564 772 3627 havea
818 3570 1086 3646 pensato
1134 3559 1199 3625 di
1245 3565 1618 3628 reservarmi
1667 3586 1705 3628 a
1750 3565 2049 3647 negociar
2077 3586 2202 3629 con
2246 3572 2472 3651 questo
2519 3564 2775 3651 quando
2821 3567 2885 3629 io
2930 3588 3034 3630 me
3065 3566 3235 3631 fussi
3476 3504 3477 3599 1

714 3738 759 3811 ¹)
797 3739 934 3794 che
970 3739 1186 3794 Nation
1212 3742 1413 3810 pflcyte
1449 3742 1527 3795 im
1567 3740 2035 3813 Cardinalwolleq
2079 3742 2241 3797 einen
2288 3743 2621 3798 batim
2657 3743 2937 3799 Cardinal
2967 3745 3057 3800 als
3099 3744 3235 3800 Pro·

574 3830 748 3885 tektor
781 3846 851 3883 zu
887 3829 1081 3898 haben,
1120 3829 1216 3884 der
1262 3830 1381 3884 ihre
1417 3832 1726 3886 Inter-essen
1771 3832 1850 3886 im
1887 3832 2286 3888 Gon-viatorium
2334 3838 2538 3887 reru-at
2582 3833 2704 3889 und
2754 3832 3041 3889 beonnam
3088 3835 3330 3891 αασλῧῠ

571 3920 705 3973 iiber
742 3917 832 3972 die
869 3934 979 3971 neu
1015 3935 1084 3972 zu
1112 3919 1462 3975 besetzenden
1489 3921 1768 3975 Bistamer
1793 3920 2089 3986 refer-ferte.
2152 3921 2285 3976 Vom
2313 3922 2590 3978 cardinal
2615 3922 2894 3978 Trivubio
2922 3940 3042 3978 war
3067 3925 3238 3981 achon

570 4009 634 4061 in
669 4024 756 4061 nr.
795 4010 896 4061 124
934 4009 1019 4061 als
1064 4008 1238 4067 ciuem
1273 4009 1554 4077 spezielm
1594 4009 1899 4080 Giinsstliny
1939 4008 2113 4079 Papst
2150 4009 2327 4065 Paule
2362 4010 2476 4065 III
2504 4010 2594 4065 aie
2628 4011 2794 4067 Rede.
2836 4041 2901 4049 —-
2942 4011 3239 4067 Protektor

573 4090 670 4152 de'r
708 4096 1000 4152 deutschen
1035 4097 1252 4150 Notion
1289 4112 1406 4151 war
1444 4096 1722 4152 cardinal
1760 4098 2067 4169 Campeyqi.

714 4184 760 4254 ²)
800 4185 929 4240 θῶ.
967 4188 1123 4239 1484.
1207 4174 1348 4241 Uber
1382 4186 1529 4240 scine
1574 4186 1945 4256 meihlunq
1982 4186 2071 4252 (in
2107 4188 2307 4243 dritta·
2324 4187 2471 4248 Ehe)
2506 4189 2611 4244 mit
2627 4188 2830 4244 Emilie
2865 4189 3241 4247 vonSachoen

570 4293 611 4330 8.
650 4275 787 4330 oben
822 4291 908 4329 nr.
948 4277 998 4328 9.
3256 4281 3331 4336 35

717 4361 763 4433 ⁸)
809 4362 940 4419 Geb.
979 4365 1139 4417 1522.

716 4451 764 4517 ⁴)
802 4452 878 4507 In
911 4468 997 4505 nr.
1040 4454 1161 4505 184.

717 4539 763 4610 ὃ>
802 4539 856 4595 S.
894 4541 1032 4596 oben
1065 4557 1139 4594 zu
1171 4557 1259 4596 mr.
1300 4544 1385 4595 65.

718 4628 765 4697 ⁶)
805 4630 934 4684 θοι).
977 4633 1132 4697 1497,
1168 4629 1205 4698 †
1241 4648 1331 4684 am
1366 4634 1446 4685 20
1483 4630 1705 4698 Auqmt
1740 4635 1894 4686 1536.
2718 4652 2725 4658 ·

719 4715 764 4787 ⁷)
803 4718 859 4773 S.
897 4723 1072 4772 υηεωι
1109 4736 1192 4773 nr.
1227 4722 1362 4774 202.
3264 4724 3333 4783 40
