3500 5300
596 346 706 410 842
1716 345 1816 404 No.
1857 345 1956 405 1¹⁶¹:
1997 347 2153 405 1536.

405 549 546 600 1536
598 546 858 612 ecclesie
927 546 1261 633 prepositis
1320 544 1562 611 obediri
1630 554 1701 610 ut
1762 546 2024 610 dixerit:
2092 546 2198 631 qui
2271 566 2385 608 vos
2451 543 2656 625 audit,
2713 565 2815 607 me
2883 541 3093 625 audit3
3154 543 3272 628 qui

604 676 717 718 vos
786 654 1054 740 spernit,
1113 675 1216 717 me
1284 654 1554 739 spernit3
1613 654 1721 739 qui
1782 661 1991 716 autem
2053 653 2290 738 spernit
2350 671 2481 733 me,
2543 651 2784 736 spernit
2840 660 2904 714 et
2947 673 3094 714 eum
3156 652 3272 736 qui

600 761 772 825 misit
828 782 962 824 me:
1034 758 1210 824 Luce
1276 769 1358 826 10
1392 761 1462 845 ¹).
1565 760 1718 845 quin
1779 760 1970 822 etiam
2027 756 2295 824 voluerit
2351 759 2569 844 pravis
2625 759 3068 844 perversisque
3125 778 3270 843 pre·

598 868 819 953 positis
891 865 1241 951 parendum
1266 915 1284 947 ‚
1355 887 1501 930 cum
1569 865 1735 930 dixit
1802 865 1954 930 Mat.
2017 874 2098 931 23
2130 867 2215 950 ²):
2286 865 2498 929 omnia
2553 856 2929 951 quecunque
2987 862 3274 927 dixen'nt

599 970 816 1054 vobis,
875 981 1124 1037 servate
1182 980 1247 1036 et
1304 971 1519 1054 facit03
1587 970 1935 1036 secundum
2005 993 2199 1057 opera
2251 993 2420 1035 -vero
2481 992 2698 1035 eorum
2767 969 2958 1034 nolite
3023 970 3270 1052 facere3
3319 976 3354 1029 5

603 1078 826 1144 dicunt
882 1080 1050 1143 enim
1113 1087 1175 1144 et
1240 1101 1368 1142 non
1430 1078 1689 1142 faciunt.
1805 1076 2115 1142 humanas
2182 1079 2374 1142 etiam
2443 1076 2612 1163 leges
2680 1100 2806 1141 non
2873 1075 3271 1164 improbasse

602 1194 879 1268 constat,
941 1208 1086 1251 cum
1147 1186 1342 1250 dixit:
1404 1183 1649 1250 reddite
1707 1205 1831 1271 que
1887 1193 2034 1249 sunt
2090 1182 2342 1249 Cesaris
2388 1182 2606 1249 Cesari
2667 1191 2730 1248 et
2774 1206 2899 1271 que
2945 1193 3096 1248 sunt
3144 1182 3268 1248 Dei

601 1292 744 1357 Deo
786 1293 874 1380 ⁸);
952 1302 1017 1358 et
1082 1290 1402 1378 apostolus
1467 1290 1671 1376 legem
1737 1292 1804 1355 in
1875 1292 1973 1355 sui
2039 1289 2347 1355 auxilium
2418 1289 2819 1377 imploravit,
2888 1313 3034 1354 cum
3104 1290 3270 1354 dixit

602 1398 744 1462 Act.
813 1406 895 1464 23
925 1400 1011 1485 ⁴):
1070 1405 1141 1462 tu
1201 1397 1425 1463 sedens
1473 1396 1732 1483 judicas
1789 1419 1891 1461 me
1947 1396 2332 1462 secundum*
2367 1397 2571 1483 legem
2640 1403 2702 1461 et
2772 1403 2997 1461 contra
3064 1394 3265 1482 legem

590 1502 787 1591 jubes
832 1526 934 1568 me
978 1504 1243 1589 percuti.
1335 1502 1505 1590 quod
1552 1504 1602 1567 si
1634 1501 1946 1567 humanas
1990 1505 2283 1590 rejiciunt
2327 1503 2805 1569 constitutiones
2844 1525 2928 1567 ex
2973 1524 3049 1567 eo
3096 1502 3348 1589 quod1o

606 1619 906 1676 censeant
952 1632 1079 1674 non
1124 1609 1487 1696 recipienda
1528 1632 1652 1696 que
1696 1632 1825 1674 non
1857 1632 2152 1696 expresse
2196 1612 2262 1674 in
2295 1632 2476 1674 sacra
2506 1610 2819 1695 scriptura
2848 1611 3267 1691 continentur,

603 1720 669 1782 in
715 1738 988 1781 errorem
1043 1716 1333 1781 incidunt
1376 1715 1869 1802 Begriardorutn
1933 1724 1997 1780 et
2051 1715 2480 1803 Beguinarum
2541 1717 2606 1780 in
2656 1713 2920 1780 concilio
2966 1715 3266 1780 Vienensi

602 1821 1045 1910 reprobatum:
1091 1820 1287 1886 Clem.
1333 1822 1418 1886 ad
1447 1831 1730 1887 nostrum
1764 1822 1844 1887 de
1877 1821 2089 1888 hereti.
2117 1823 2172 1904 ⁵)
2209 1859 2308 1905 —‚
2339 1830 2405 1887 et
2433 1820 2872 1888 Waldensium
2903 1830 2969 1887 et
2997 1821 3268 1887 Joannis

606 1928 890 2015 Wigleffi
935 1929 1310 1994 damnatum
1355 1929 1422 1992 in
1466 1926 1735 1993 concilio
1783 1927 2279 1993 Constanciensi.

783 2035 920 2100 Nec
969 2035 1064 2099 his
1096 2035 1479 2121 suffragatur
1524 2033 1695 2122 quod
1726 2032 1997 2099 habetur
2027 2034 2521 2100 Deuteronomio
2554 2057 2607 2099 c.
2640 2046 2680 2101 4
2707 2038 2794 2119 6);
2844 2057 2977 2099 non
3021 2034 3270 2098 addetis
3285 2040 3350 2092 15

606 2142 689 2207 ad
736 2140 1006 2206 verbum
1051 2141 1223 2228 quod
1269 2139 1450 2206 vobis
1496 2140 1721 2228 loquor
1767 2162 1883 2206 nec
1927 2141 2223 2206 auferetis
2269 2140 2353 2207 ab
2398 2163 2510 2225 eo;
2556 2150 2620 2206 et
2662 2164 2800 2228 cap.
2852 2151 2933 2208 12
2966 2140 3051 2228 ⁷):
3097 2139 3268 2227 quod

606 2249 885 2335 precipio
932 2247 1066 2330 tibi,
1113 2247 1232 2313 hoc
1278 2255 1523 2312 tantum
1569 2248 1764 2312 facito
1809 2270 1928 2313 nec
1974 2247 2174 2313 addas
2204 2249 2543 2335 quicquam
2589 2270 2707 2313 nec
2737 2250 3007 2312 minuas.
3089 2250 3270 2334 quasi

607 2377 734 2419 non
782 2353 969 2419 liceat
1013 2353 1182 2440 leges
1229 2355 1471 2441 aliquas
1516 2363 1726 2441 preter
1770 2354 2022 2419 divinas
2068 2355 2486 2441 promulgare.

788 2461 1105 2541 Quoniam
1152 2461 1216 2526 id
1261 2458 1636 2546 prohibetur
1665 2461 1815 2526 addi
1864 2461 2033 2547 quod
2077 2463 2143 2525 in
2190 2461 2512 2526 diversum
2550 2460 2762 2525 trahat
2803 2470 2917 2526 aut
2964 2461 3275 2547 depravet

608 2566 731 2632 Dei
778 2574 1145 2655 preceptum
1190 2576 1303 2632 aut
1333 2590 1460 2631 non
1493 2566 1809 2655 prolatum
1843 2576 2145 2656 tanquam
2178 2589 2218 2631 a
2248 2566 2387 2632 Deo
2434 2568 2750 2656 prolatum
2790 2579 3099 2650 aseveret,
3145 2590 3270 2632 non
3287 2579 3352 2631 20

609 2683 822 2739 autem
853 2673 1225 2761 prohibetur
1270 2674 1419 2739 addi
1467 2674 1860 2761 explicarive
1891 2697 1969 2739 ea
2012 2697 2135 2761 que
2179 2673 2460 2760 generali
2491 2675 2735 2761 prolato
2783 2697 3076 2740 sermone
3107 2697 3271 2739 com-

607 2779 1087 2868 prehenduntur
1129 2780 1214 2845 ab
1244 2780 1341 2845 his
1387 2780 1620 2868 quibus
1652 2780 1892 2845 tributa
1936 2789 2031 2845 est
2076 2783 2419 2846 auctoritas
2462 2780 2570 2845 illa
2600 2779 2986 2867 explicandi.
3081 2782 3274 2846 veluti

609 2909 757 2952 cum
817 2889 1167 2974 precipitur
1224 2886 1364 2953 Deo
1433 2888 1836 2953 serviendum
1896 2888 2511 2975 impendentiumque
2585 2887 2919 2971 honorem,
2994 2887 3273 2953 humana

609 2976 950 3059 traditione
995 2994 1338 3059 edocemur
1384 2995 1642 3059 modum
1673 2993 1998 3081 prestandi
2045 2992 2362 3080 obsequii3
2408 3002 2472 3059 et
2515 3017 2659 3060 cum
2709 2996 3054 3082 unicuique
3100 3018 3274 3059 man·

609 3100 800 3165 datur
842 3098 1290 3186 abnegandum
1338 3122 1403 3166 se
1449 3102 1677 3186 ipsum,
1724 3100 2067 3165 tollendam
2114 3123 2367 3166 crucem
2414 3101 2654 3166 domini
2698 3123 2970 3188 eumque
3014 3111 3348 3189 sequen-25

610 3206 781 3289 dum,
830 3208 1089 3293 propius
1136 3205 1491 3293 explicatur
1536 3207 1763 3271 modus
1809 3230 1934 3294 quo
1983 3209 2125 3294 quis
2167 3230 2232 3271 se
2277 3208 2485 3293 ipsum
2533 3206 2826 3293 abneget,
2871 3208 3274 3295 voluptatum

612 3313 850 3379 scilicet
920 3312 1299 3379 abstinentia
1366 3314 1621 3400 jejuniis
1682 3313 2163 3378 mansuetudine
2235 3315 2596 3378 innocentia
2669 3321 2733 3378 et
2791 3313 2888 3378 his
2947 3314 3274 3397 similibus,

612 3442 736 3507 que
778 3442 820 3484 a
865 3418 1005 3484 Deo
1050 3419 1338 3484 mandari
1386 3427 1735 3502 censentur,
1783 3442 1927 3484 cum
1974 3420 2058 3485 ab
2089 3419 2186 3484 his
2234 3422 2673 3506 precipiuntur
2701 3419 2935 3507 quibus
2980 3420 3273 3486 obedien·

614 3525 767 3591 dum
814 3525 1156 3590 mandavit.
1248 3547 1366 3590 nec
1411 3525 1552 3590 ideo
1598 3525 1967 3612 evangelica
2022 3527 2127 3590 lex
2184 3528 2557 3613 imperfecta
2602 3526 2918 3591 censenda
2963 3537 3063 3591 est
3108 3527 3276 3614 quod

613 3655 737 3719 que
804 3633 943 3719 ipsa
1009 3632 1245 3715 edixit,
1316 3633 1548 3697 clarius
1615 3631 1936 3719 reliquerit
1981 3632 2394 3719 explicanda3
2468 3655 2613 3697 cum
2681 3641 2744 3697 et
2810 3655 2888 3698 ea
2956 3633 3060 3698 vel
3127 3635 3346 3698 datast)

616 3739 987 3804 auctoritate
1032 3737 1133 3803 vel
1196 3740 1417 3825 spiritu
1464 3748 1682 3803 sancto
1728 3740 2010 3825 spirante
2056 3763 2095 3802 a
2140 3738 2279 3804 Deo
2339 3739 2575 3804 tradita
2635 3754 2698 3804 et
2756 3737 3081 3826 explicata
3135 3763 3274 3806 cen·

617 3852 890 3910 scantur.
955 3844 1180 3930 quodsi
1225 3846 1499 3910 anterior
1544 3845 1807 3910 ecclesia
1850 3844 2255 3931 paucioribus
2313 3844 2614 3910 utebatur
2657 3844 2924 3932 legibue,
2971 3845 3098 3911 hoc
3143 3858 3274 3911 erat
3487 3858 3497 3909 d

617 3950 788 4038 quod
832 3952 899 4015 in
945 3973 1021 4017 ea
1066 3951 1348 4017 nondum
1394 3951 1545 4015 mali
1591 3953 1973 4038 irrepserant
2016 3974 2254 4034 mores,
2300 3950 2532 4039 quibus
2577 3952 3055 4038 insurgentibus
3100 3956 3274 4019 novis

767 4182 804 4241 ¹)
843 4182 951 4236 Ev.
988 4183 1125 4237 Luc.
1162 4186 1237 4236 10
1272 4199 1319 4236 v.
1357 4186 1439 4235 16.

764 4271 803 4339 ²)
842 4272 943 4326 Ev.
982 4271 1160 4326 Maeli.
1188 4275 1265 4327 23
1298 4289 1344 4325 v.
1383 4276 1435 4325 3.
3277 4269 3332 4323 ³5

763 4358 803 4427 ⁸)
840 4361 948 4415 Ευ.
986 4361 1166 4416 Marc.
1204 4364 1275 4416 12
1310 4378 1357 4415 υ.
1394 4363 1478 4415 17.

762 4451 806 4519 ⁴)
842 4453 969 4506 Act.
1006 4454 1085 4506 23
1119 4467 1169 4506 v.
1206 4454 1258 4505 3.

762 4539 806 4609 ⁵)
844 4539 1000 4597 olem
1040 4540 1073 4595 1.
1116 4540 1234 4595 Vt.
1271 4543 1308 4594 3
1344 4555 1386 4595 c.
1426 4542 1477 4594 3.

767 4626 808 4691 ἢ
846 4629 1040 4685 ὅΜοε.
1079 4632 1114 4684 4
1149 4646 1199 4685 υ.
1239 4633 1289 4685 1.

772 4715 808 4787 ²)
846 4718 1043 4777 σΜοσ.
1086 4721 1121 4775 4
1156 4735 1203 4775 v.
1241 4721 1333 4777 32.
3267 4715 3324 4771 40

3489 1657 3496 1674 ἢ
