3500 5300
1413 342 1511 398 N0.
1554 346 1655 399 1¹⁸:
1700 346 1851 399 1536.
2858 345 2968 409 868

300 538 389 601 ita
435 559 547 624 per
591 536 997 604 elemosinam
1042 538 1144 603 vel
1176 539 1350 604 aliud
1381 540 1732 625 injunctum
1765 542 1942 627 pium
1977 563 2154 628 opus,
2202 543 2370 629 quod
2413 542 2550 608 loco
2582 545 2968 630 injungende
3024 548 3163 598 1536

300 645 644 730 penitentie
690 646 920 708 summi
966 645 1309 710 sacerdotis
1354 648 1763 730 auctoritate,
1824 670 1970 713 cum
2015 647 2407 734 indulgentie
2464 650 2966 736 promulgantur,

301 757 692 836 surrogatur,
742 752 795 815 si
841 749 1057 815 debita
1101 753 1431 816 accesserit
1461 761 1867 839 peccatorum
1904 755 2196 819 contritio
2243 764 2307 820 et
2352 755 2678 839 confessio,
2724 756 2970 822 deletur

301 865 372 920 ut
416 856 589 921 nulla
635 856 803 922 ultra
848 866 1023 923 extet
1066 860 1131 921 in
1164 861 1531 944 purgatorio
1563 858 1898 925 subeunda
1937 882 2119 947 pena.
2197 883 2321 948 que
2367 862 2772 947 indulgentie,
2820 885 2968 928 cum

245 971 280 1023 5
289 964 429 1049 jam
455 971 548 1029 tot
570 963 796 1030 seculis
821 967 1072 1029 comuni
1101 964 1422 1031 bominum
1450 989 1764 1032 consensu
1787 974 1850 1033 et
1871 966 2129 1034 ecclesie
2152 969 2527 1033 auctoritate
2550 969 2675 1034 sint
2698 977 2966 1055 recepte,

298 1093 380 1134 ex
440 1069 537 1134 his
599 1078 746 1135 sunt
802 1072 1113 1136 censende
1171 1072 1252 1137 de
1305 1071 1538 1159 quibus
1582 1074 1793 1160 inquit
1836 1072 2232 1160 Augustinus
2274 1075 2359 1139 ad
2400 1074 2811 1140 Januarium:
2857 1074 2968 1141 illa

298 1198 421 1264 que
467 1200 594 1243 non
640 1178 896 1264 scripta,
944 1179 1053 1243 sed
1101 1177 1334 1243 tradita
1380 1179 1786 1264 custodimus,
1835 1203 1958 1267 que
2004 1180 2260 1267 quidem
2307 1188 2437 1246 toto
2469 1189 2776 1246 terrarum
2811 1180 2967 1247 orbe

298 1281 752 1368 observantur,
812 1283 1002 1352 datur
1046 1284 1307 1372 intelligi
1355 1284 1457 1351 vel
1503 1285 1588 1351 ab
1634 1287 1786 1373 ipsis
1831 1286 2130 1374 apostolis
2174 1286 2275 1352 vel
2321 1288 2616 1374 plenariis
2664 1286 2963 1372 conciliis,

298 1412 567 1477 quorum
613 1392 677 1455 in
730 1390 996 1457 ecclesia
1039 1390 1454 1457 saluberrima
1498 1401 1591 1458 est
1636 1394 2000 1475 auctoritas,
2060 1393 2437 1460 comendata
2496 1401 2686 1481 atque
2731 1401 2965 1460 statuta

210 1505 279 1558 10
296 1498 569 1563 retineri.
662 1497 833 1563 unde
881 1497 1019 1581 hoc,
1066 1499 1235 1585 quod
1281 1500 1371 1563 ita
1416 1500 1777 1565 faciendum
1825 1523 1951 1564 non
1998 1502 2096 1583 sit,
2143 1499 2484 1587 disputare,
2532 1499 2785 1565 videtur
2828 1521 2964 1566 esse

296 1604 553 1669 insanie.
646 1612 709 1669 et
766 1607 1062 1692 quoniam
1125 1604 1335 1692 palam
1395 1615 1489 1672 est
1550 1607 1721 1693 quod
1767 1608 1835 1670 in
1881 1629 1950 1671 re
1996 1606 2196 1671 dubia
2241 1607 2322 1672 ad
2369 1607 2561 1672 fidem
2606 1615 2670 1672 et
2714 1609 2962 1673 certitu-

296 1711 507 1775 dinem
570 1711 779 1777 valeat
837 1714 1180 1778 auctoritas
1240 1713 1511 1778 eccl3sie
1572 1712 1907 1790 catholice,
1976 1736 2101 1800 que
2158 1713 2243 1779 ab
2303 1715 2456 1800 ipsis
2510 1714 2965 1780 fundatissimis

297 1817 720 1904 apostolorum
781 1818 1037 1884 sedibus
1082 1841 1280 1907 usque
1325 1821 1390 1884 in
1438 1819 1813 1885 hodiernum
1862 1819 2028 1884 diem
2088 1820 2558 1887 succedentium
2606 1819 2855 1886 sibimet
2899 1830 2965 1887 et

296 1927 733 2011 episcoporum
813 1927 969 1991 serie
1037 1933 1099 1990 et
1162 1933 1253 1991 tot
1320 1925 1698 2013 populorum
1760 1927 2167 1992 consensione
2234 1926 2555 2010 firmatur,
2623 1933 2694 1993 ut
2759 1928 2963 2016 inquit

208 2035 275 2090 15
298 2030 692 2117 Augustinus
737 2040 959 2098 contra
1004 2031 1368 2097 Manicheos
1415 2041 1479 2097 et
1523 2032 1794 2099 habetur
1838 2034 1904 2097 in
1953 2054 2004 2097 c.
2053 2033 2263 2121 palam
2318 2046 2394 2101 11
2446 2034 2587 2099 dist.
2621 2037 2688 2116 ¹).

475 2138 667 2220 Quod
712 2161 864 2204 vero
910 2138 1310 2226 importabile
1357 2161 1515 2205 onus
1560 2139 1879 2226 appellent
1920 2139 2364 2226 indulgentias,
2410 2161 2539 2205 non
2586 2139 2773 2207 video
2805 2162 2958 2228 quo·

294 2269 444 2311 nam
503 2245 693 2311 modo
750 2245 817 2310 id
886 2248 1127 2311 censeri
1197 2245 1428 2313 debeat
1495 2245 1898 2333 importabile
1969 2269 2129 2312 onus
2196 2247 2367 2335 quod
2435 2246 2601 2312 ultro
2667 2249 2958 2334 apetitur,

295 2361 516 2440 sponte
563 2350 810 2418 subitur
855 2361 919 2417 et
963 2352 1175 2418 multis
1219 2352 1518 2440 precibus
1562 2354 1953 2440 impetratur.
2016 2354 2157 2441 quis
2215 2355 2380 2418 enim
2430 2353 2743 2418 nolentem
2789 2373 2957 2418 com—

295 2459 469 2547 pellit
513 2481 630 2546 pro
677 2459 1071 2546 assequenda
1114 2458 1511 2546 indulgentia
1553 2462 1890 2546 pecuniam
1946 2460 2291 2545 errogare?
2384 2483 2499 2523 nos
2543 2481 2651 2524 eas
2696 2461 2958 2526 summis

203 2571 278 2625 20
296 2565 592 2656 precibus
637 2574 709 2631 ut.
739 2566 1168 2632 concedantur
1199 2588 1554 2651 exoramus,
1601 2588 1716 2631 nos
1746 2565 1911 2632 ultro
1954 2575 2310 2632 nostrarum
2359 2565 2689 2653 culparum
2722 2567 2955 2632 conscii

295 2675 605 2739 concessis
650 2675 1059 2756 occurrimus,
1105 2696 1186 2739 ne
1214 2660 1541 2761 graviores
1582 2675 1960 2761 penitentias
2000 2672 2338 2740 subeamus
2385 2683 2496 2738 aut
2526 2673 2623 2738 his
2653 2673 2956 2760 neglectis

294 2803 417 2867 que
462 2787 672 2867 preter
715 2781 1042 2845 remissam
1091 2779 1343 2868 culpam
1389 2786 1675 2846 remanet
1718 2802 1918 2868 pena,
1964 2781 2332 2868 purgatorio
2377 2782 2524 2866 igne
2569 2780 2831 2867 expiare
2875 2781 2957 2845 sit

293 2910 561 2953 necesse.
655 2910 771 2953 nec
829 2887 913 2951 ad
972 2888 1324 2975 penitentes
1384 2888 1608 2953 attinet
1664 2893 2022 2972 errogatam
2079 2888 2416 2975 pecuniam
2473 2888 2540 2951 in
2601 2882 2760 2953 alios
2804 2908 2956 2953 usus

293 2994 648 3060 transferri:
696 2992 966 3058 reddant
1013 2993 1152 3059 Deo
1198 2995 1504 3059 rationem
1553 2995 1665 3082 qui
1708 2993 1834 3058 alio
1893 2993 2364 3077 transtulerint,
2427 2996 2479 3058 si
2526 2992 2715 3059 modo
2761 2992 2953 3081 aliqui

202 3100 274 3154 25
292 3102 359 3165 in
404 3099 561 3166 alios
605 3109 669 3167 et
712 3098 911 3164 malos
957 3123 1109 3165 usus
1154 3099 1544 3166 transtulere.

472 3206 573 3272 De
615 3208 845 3293 ineptis
891 3228 1043 3271 vero
1091 3204 1643 3272 concionatoribus
1687 3209 1880 3272 miras
1925 3213 1987 3271 et
2045 3206 2363 3272 inauditas
2421 3206 2952 3273 condonationum

292 3313 654 3400 hujusmodi
697 3312 916 3379 laudes
961 3314 1352 3397 occinentes,
1412 3335 1539 3379 non
1596 3320 1689 3379 est
1751 3313 1923 3400 quod
1970 3334 2186 3379 eorum
2232 3314 2502 3401 ineptias
2546 3321 2657 3378 aut
2703 3313 2753 3377 si
2800 3312 2955 3400 quid

293 3427 571 3484 erratum
602 3420 808 3503 fuerit,
839 3441 1145 3486 excusare
1178 3419 1395 3485 velim:
1428 3419 1648 3485 electio
1680 3426 1925 3485 tantum
1959 3428 2053 3485 est
2082 3421 2149 3484 in
2180 3419 2383 3505 culpa.
2445 3421 2510 3483 in
2543 3418 2712 3485 hunc
2740 3425 2953 3485 tamen

291 3547 567 3592 errorem
614 3547 831 3591 omnes
889 3526 1019 3592 fere
1077 3527 1391 3613 principes
1436 3525 1775 3609 labuntur,
1833 3549 1978 3592 cum
2037 3524 2193 3590 nihil
2249 3524 2566 3591 difficilius
2621 3527 2703 3591 sit
2761 3548 2953 3615 quam

200 3631 608 3698 30h0mine1n
654 3655 927 3698 noscere.
1020 3640 1176 3720 quot
1218 3633 1387 3697 enim
1433 3631 1617 3720 probi
1661 3641 1727 3698 et
1780 3630 2122 3719 prudentes
2167 3633 2290 3696 viri
2347 3634 2538 3697 etiam
2583 3632 2753 3697 fama
2798 3632 2952 3698 refe·

291 3747 468 3804 rente
498 3738 812 3806 habentur
856 3739 1087 3828 quibus
1131 3740 1184 3804 si
1227 3739 1834 3805 administrationem
1883 3745 1996 3804 aut
2040 3738 2568 3825 dispensationem
2616 3740 2952 3821 comiseris,

291 3868 443 3911 mox
489 3845 727 3912 sordidi
773 3845 1041 3933 improbi
1090 3853 1201 3912 aut
1245 3845 1678 3933 imprudentes
1721 3853 1784 3910 et
1816 3846 2015 3931 inepti
2045 3844 2451 3931 deteguntur!
2530 3845 2716 3931 hujus
2768 3843 2953 3932 culpe

290 3953 632 4040 participes
692 3961 839 4019 sunt
901 3954 1209 4040 episcopi,
1270 3949 1502 4040 quibus
1546 3974 1586 4016 a
1632 3952 1827 4018 sacris
1872 3949 2221 4016 canonibus
2265 3949 2504 4017 tributa
2548 3959 2643 4017 est
2687 3951 2953 4018 facultas

291 4060 523 4126 nedum
569 4059 654 4126 ab
685 4059 1047 4148 hujusmodi
1090 4059 1626 4147 indulgentiarum
1657 4057 2088 4145 publicatione
2118 4057 2318 4122 malos
2348 4057 2810 4146 improbosque,
2842 4057 2952 4125 sed

201 4170 274 4226 35
294 4166 665 4233 indiscretos
724 4169 913 4233 etiam
973 4175 1036 4232 et
1094 4168 1302 4232 minus
1346 4165 1661 4231 modestos
1703 4164 2036 4252 repellere:
2101 4186 2246 4230 cum
2291 4187 2374 4229 ex
2418 4187 2492 4229 eo
2540 4163 2620 4230 de
2680 4164 2843 4251 peni.
2891 4174 2954 4231 et

292 4274 552 4357 remiss„
597 4295 720 4363 que
766 4273 884 4339 fuit
929 4273 1289 4339 constitutio
1320 4272 1673 4338 Innocentii
1699 4271 1802 4335 III
1832 4273 1898 4336 in
1931 4293 2109 4337 sacro
2140 4270 2553 4336 Lateranensi
2584 4269 2847 4336 concilio
2877 4270 2947 4359 ⁹).

440 4540 476 4591 ἰ
516 4558 559 4594 c.
600 4546 635 4594 9
672 4539 744 4594 1).
786 4540 893 4594 ΧΙ.

438 4628 476 4697 ²)
515 4628 582 4683 L.
630 4630 678 4683 V
713 4635 749 4684 t.
789 4634 861 4684 38
898 4648 942 4684 e.
984 4632 1066 4682 14.
1142 4602 1251 4695 (Im
1300 4629 1429 4683 Text
1466 4629 1605 4683 steht
1642 4647 1769 4684 eum
1806 4646 1870 4683 ex
1908 4645 2018 4694 ore,
2080 4644 2187 4681 wax
2226 4628 2356 4682 aber
2403 4628 2556 4682 nicht
2606 4627 2843 4693 stimmt;
2898 4644 2951 4681 es

291 4720 500 4773 scheint
535 4736 661 4774 eum
696 4735 762 4773 ex
799 4734 865 4773 eo
900 4714 1102 4787 hasten
1136 4734 1207 4772 zu
1243 4720 1498 4786 missen.)

398 4812 1016 4871 Nuntiaturberlehte,
1058 4824 1172 4864 erate
1203 4823 1486 4875 Abtheilunoe.
1516 4823 1593 4865 Bu.
1621 4823 1681 4864 11.
2458 4808 2525 4857 23
