3500 5300
558 344 659 406 190
1543 349 1642 404 Nc.
1680 350 1778 404 49:
1818 349 1955 404 1537
1991 349 2102 404 Juli
2143 351 2225 404 12.

359 545 503 626 15537
556 541 788 607 havere
845 544 889 607 li
946 542 1097 608 beni
1155 542 1517 610 hereditarii
1575 548 1642 610 in
1702 547 1761 612 le
1821 568 1968 611 case
2028 567 2153 612 sue.
2247 547 2310 611 la
2370 547 2518 634 qual
2579 568 2728 611 cosa
2770 545 2853 612 ho
2899 548 3104 612 inteso
3151 549 3222 612 fa

305 614 431 668 ‘7²⁴²‘
471 619 537 670 ²2
554 649 854 715 vacillare
912 650 1085 715 molti
1144 654 1403 717 vescovi
1460 659 1524 718 et
1597 655 1649 718 si
1718 651 1945 718 dubita
2000 651 2097 717 ch'
2156 652 2399 736 alcuni,
2457 655 2479 717 i
2537 654 2710 718 nomi
2769 652 2850 718 de
2914 653 3091 740 quali
3149 653 3220 717 in

552 756 745 823 breve
791 758 1065 823 scrivere
1112 781 1151 823 a
1196 758 1274 823 V.
1308 759 1370 826 S.
1403 758 1728 846 sapendoli
1774 759 1840 824 di
1886 767 2077 845 cert0‚
2125 761 2299 826 siano
2344 760 2536 826 molto
2582 759 2898 825 titubanti.
2990 783 3102 825 ma
3147 763 3219 825 in

550 866 698 951 ogni
757 887 903 932 caso
958 888 1084 931 uno
1152 888 1261 931 ore
1328 867 1557 932 (1100110
1626 889 1831 932 essere
1889 869 2241 933 necessario
2300 866 2417 933 che
2476 867 2843 955 provedano
2903 888 2945 931 a
2987 865 3032 931 li
3083 869 3220 933 casi

548 970 682 1036 loro
729 980 792 1037 et
837 994 963 1037 non
1012 995 1273 1039 cessano
1320 974 1387 1038 di
1433 972 1821 1039 calumniare
1867 973 1999 1039 Sua
2043 973 2323 1058 Santita,
2380 974 2444 1039 la
2488 974 2675 1062 quale
2720 974 2891 1039 vada
2934 974 3218 1039 secondo
3273 984 3309 1036 5

549 1078 594 1143 il
638 1087 937 1144 consueto
985 1080 1062 1146 (10
1106 1079 1151 1145 11
1197 1080 1342 1146 altri
1387 1080 1676 1167 pontifici
1720 1082 1788 1145 in
1834 1082 1995 1146 tanti
2043 1080 2200 1170 [casi
2244 1080 2532 1170 urJgenti.
2609 1082 2834 1168 sappia
2870 1081 2950 1146 V.
2982 1081 3047 1147 S.
3096 1080 3218 1146 che

549 1187 712 1249 assai
760 1184 980 1252 dubito
1026 1187 1106 1253 de
1150 1187 1419 1275 qualche
1462 1190 1839 1275 gravissimo
1901 1211 2051 1253 caso
2113 1189 2196 1254 da
2254 1194 2472 1276 queste
2530 1192 2732 1275 parti3
2799 1196 2863 1254 et
2919 1191 3220 1275 maggior

549 1295 931 1380 suspettione
960 1295 1154 1381 pigh’o
1186 1294 1273 1360 da
1300 1295 1363 1361 la
1393 1296 1562 1361 mala
1591 1296 2006 1361 satissattione
2036 1295 2138 1360 del
2177 1297 2556 1383 imperatore
2591 1302 2655 1361 et
2700 1294 2800 1359 (101
2846 1317 2915 1360 re
2962 1296 3044 1360 de
3091 1295 3216 1360 Ro—

547 1402 721 1464 mani
766 1400 846 1466 de
890 1399 953 1466 la
996 1400 1337 1466 neutralita
1379 1403 1445 1467 di
1490 1402 1720 1468 Nostro
1763 1403 2044 1489 Signore,
2090 1402 2153 1468 la
2199 1402 2386 1490 quale
2433 1424 2551 1489 par
2594 1401 2659 1467 la
2704 1424 2821 1467 sua
2865 1402 3215 1488 prudentia

546 1510 732 1594 potra
776 1505 900 1572 ben
948 1508 1346 1574 considerare
1392 1511 1455 1574 in
1505 1511 1708 1597 questi
1754 1510 1914 1596 capi.
3237 1518 3304 1572 10

724 1614 818 1679 Mi
862 1613 947 1680 ha
993 1615 1164 1681 detto
1209 1616 1255 1680 il
1300 1615 1509 1681 dottor
1553 1615 1887 1691 Matthias,
1946 1622 2359 1704 quantunque
2418 1637 2598 1680 come
2658 1616 2801 1680 dice
2863 1617 2912 1680 si
2980 1617 3211 1681 mostri

547 1743 752 1787 essere
812 1721 1374 1788 affettionatissimo
1422 1745 1461 1787 a
1507 1722 1640 1788 Sua
1683 1723 1961 1804 Santita,
2007 1746 2136 1788 non
2183 1723 2413 1788 vedere
2458 1723 2643 1810 quale
2686 1725 3106 1788 excusatione
3153 1725 3208 1788 si

545 1851 735 1915 possa
780 1829 1055 1894 addurre
1100 1830 1167 1893 di
1212 1837 1435 1917 questa
1478 1829 1843 1912 neutralita,
1903 1837 1966 1895 et
2023 1852 2259 1896 ancora
2317 1829 2434 1895 che
2490 1829 2534 1894 il
2593 1829 2872 1916 pericolo
2918 1832 2956 1895 e
3002 1832 3208 1895 mani·

548 1936 723 2018 fest0‚
770 1934 1020 2022 perche,
1066 1936 1353 2001 venendo
1399 1937 1445 2001 11
1477 1937 1688 2002 Turco
1718 1938 1786 2002 in
1816 1936 2004 2001 Italia
2034 1936 2118 2002 da
2150 1959 2280 2002 una
2309 1944 2490 2023 parte
2520 1946 2584 2002 et
2626 1936 2670 2002 il
2716 1959 2785 2002 re
2824 1936 2892 2002 (11
2923 1936 3210 2002 Francia

547 2042 629 2107 da
660 2042 948 2126 un'altra‚
995 2045 1142 2107 sara
1184 2045 1535 2109 necessario
1585 2043 1703 2109 che
1747 2042 1881 2110 Sua
1924 2042 2170 2110 Santita
2213 2046 2267 2108 si
2313 2043 2569 2110 accordi
2617 2066 2656 2108 0
2703 2066 2823 2110 0011
2859 2043 3141 2110 Francia
3167 2053 3304 2110 015

545 2170 665 2213 con
696 2146 1134 2235 l'imperatore‚
1178 2172 1306 2216 non
1352 2151 1716 2238 possendosi
1762 2173 1877 2238 per
1921 2174 1988 2216 se
2018 2151 2262 2216 aiutare
2292 2149 2398 2215 dal
2429 2150 2661 2216 Turco.
2753 2158 2816 2216 et
2861 2151 3212 2217 accordan-

545 2254 681 2320 dosi
743 2278 864 2321 con
911 2256 1187 2322 Francia
1233 2256 1363 2323 Sua
1409 2259 1658 2323 Santita
1719 2280 1839 2323 con
1900 2264 2078 2323 tanta
2138 2258 2485 2344 ignominia
2543 2280 2659 2323 sua
2718 2259 2813 2322 sia
2858 2258 3214 2323 accordata

545 2383 663 2426 con
711 2360 754 2424 il
801 2362 1046 2446 Turc03
1102 2387 1231 2430 non
1277 2363 1734 2430 accordandosi
1779 2386 1900 2430 con
1948 2364 2223 2428 Francia
2268 2365 2350 2428 110
2397 2363 2837 2430 declarandosi
2882 2387 3003 2430 con
3049 2364 3211 2430 l’im-

543 2476 850 2555 peratore,
908 2473 975 2536 in
1036 2494 1181 2537 caso
1240 2470 1356 2537 che
1401 2472 1447 2536 il
1492 2472 1706 2537 Turco
1753 2494 1965 2558 venga
2025 2494 2064 2536 a
2107 2471 2330 2554 Roma,
2388 2494 2517 2537 non
2573 2471 2735 2536 vede
2781 2471 2866 2537 da
2910 2470 3028 2537 che
3076 2471 3214 2537 Sua

545 2576 793 2642 Santita
846 2600 1031 2666 possa
1090 2601 1309 2666 sperar
1364 2581 1536 2645 aiuto
1598 2601 1712 2667 per
1770 2578 1834 2643 la
1895 2579 2223 2645 defension
2271 2577 2374 2644 del
2419 2586 2580 2644 stato
2626 2601 2756 2644 suo.
2848 2580 2954 2667 poi
2999 2579 3045 2644 li
3091 2580 3210 2643 1111-
3231 2587 3304 2642 20

542 2684 764 2770 periali
825 2687 969 2750 tutti
1026 2688 1078 2752 si
1136 2685 1429 2774 dogliono
1483 2688 1564 2752 de
1608 2688 1672 2752 la
1715 2686 1954 2752 tardita
1997 2687 2063 2752 di
2109 2686 2242 2753 Sua
2286 2686 2534 2753 Santita
2577 2689 2642 2751 in
2703 2686 2961 2752 sborsar
3003 2686 3048 2752 li
3095 2687 3208 2751 da-

544 2793 685 2856 nari
731 2815 846 2879 per
892 2792 1120 2880 Napoli
1166 2803 1229 2860 et
1273 2816 1353 2858 ne
1398 2793 1442 2859 li
1487 2795 1739 2881 capitoli
1785 2794 1927 2859 fatti
1972 2817 2089 2881 per
2136 2796 2343 2882 questi
2389 2793 2645 2877 danari,
2705 2801 2767 2858 et
2811 2794 3040 2860 (1100110
3087 2793 3208 2860 che

545 2897 675 2964 Sua
721 2899 968 2966 Santita
1023 2901 1273 2967 haveva
1331 2924 1651 2988 promesso
1712 2909 1889 2967 tanto
1948 2909 2170 2967 contra
2214 2901 2258 2966 il
2305 2902 2517 2966 Turco
2564 2908 2799 2988 quanto
2845 2924 3017 2988 papa
3062 2900 3210 2968 Ole-

545 3014 754 3072 mente
799 3015 862 3072 et
905 3010 1011 3095 poi
1057 3010 1110 3073 si
1154 3010 1190 3073 ὲ
1234 3011 1493 3074 retirato
1540 3009 1625 3074 da
1670 3016 1890 3096 questo
1937 3015 2000 3073 et
2043 3031 2283 3074 ancora
2327 3008 2408 3074 ha
2452 3006 2669 3073 voluto
2714 3016 2888 3073 tante
2936 3010 3210 3074 circum·

545 3116 772 3178 stantie
818 3152 906 3162 -—
951 3115 1030 3180 de
1074 3115 1133 3181 le
1178 3115 1350 3204 quali
1396 3117 1458 3182 io
1505 3138 1630 3181 non
1678 3116 1759 3181 ho
1805 3116 2029 3181 notitia
2074 3114 2321 3181 alcuna.
3229 3124 3306 3179 25

721 3221 776 3287 Il
813 3221 1110 3288 Vaivoda
1153 3230 1398 3289 mentre
1442 3224 1496 3288 si
1540 3230 1817 3288 trattava
1847 3221 1911 3287 la
1952 3245 2131 3309 pace,
2178 3225 2348 3288 circa
2393 3220 2456 3287 la
2500 3221 2688 3310 quale
2737 3221 2810 3284 V.
2858 3221 2920 3287 S.
2968 3222 3212 3288 vederh

544 3349 660 3415 per
703 3328 766 3393 la
810 3332 918 3418 qui
964 3330 1223 3417 alligata
1267 3338 1504 3419 quanto
1549 3332 1638 3396 mi
1694 3331 1900 3396 scrive
1958 3330 2247 3395 l'oratore
2294 3329 2564 3396 Cesareo
2612 3328 2945 3394 Londense
2979 3332 3063 3413 ¹),
3123 3328 3212 3394 ha

543 3459 727 3523 preso
785 3443 943 3503 tutte
1000 3436 1058 3502 le
1114 3438 1285 3502 forze
1342 3460 1453 3503 sue
1506 3444 1570 3503 et
1626 3438 1662 3501 0
1717 3444 1952 3502 venuto
2014 3437 2096 3501 ad
2152 3435 2453 3502 assaltare
2509 3435 2553 3502 11
2599 3458 2823 3523 campo
2869 3434 2937 3500 di
2983 3442 3211 3524 questo

544 3543 728 3609 801·Ἰιιο
782 3567 851 3609 re
868 3594 884 3625 ,
946 3544 1131 3632 quale
1189 3545 1225 3607 ὲ
1284 3543 1475 3610 molto
1533 3545 1830 3610 inferiore
1886 3544 1953 3609 di
2012 3567 2276 3609 numero
2336 3551 2400 3627 et
2443 3541 2740 3631 hav[eva]
2785 3542 2964 3625 date,
3025 3565 3210 3607 come

543 3651 677 3717 Sua
721 3651 966 3717 Maesta
1009 3649 1180 3716 m'ha
1226 3651 1427 3734 detto,
1473 3658 1571 3717 tre
1613 3651 1845 3718 assalti.
1939 3674 2092 3717 sono
2139 3653 2285 3716 stati
2331 3648 2591 3715 ributati
2638 3671 2758 3715 con
2806 3656 3006 3715 morte
3052 3648 3211 3714 d’al·
3232 3661 3306 3716 30

545 3759 693 3823 cuni
761 3766 824 3825 et
888 3780 1080 3824 senza
1146 3759 1511 3825 nocumenti
1579 3759 1659 3824 de
1725 3760 1946 3846 questi.
2060 3758 2441 3824 nondimeno
2512 3756 2796 3822 anchora
2862 3779 2991 3822 non
3049 3779 3212 3822 sono

688 4023 731 4092 ¹)
769 4025 843 4079 D.
883 4025 934 4079 d.
974 4026 1312 4083 Crem-niciae
1355 4031 1392 4082 3
1427 4028 1625 4082 mensis
1660 4026 1804 4096 julii
1849 4030 2006 4082 1537.
2088 4028 2198 4080 Am
2244 4032 2282 4081 8
2317 4028 2462 4082 Juni
2507 4027 2585 4081 sei
2634 4043 2693 4080 er
2736 4026 2854 4080 hier
2899 4026 3214 4096 anyezanyt

542 4115 663 4168 und
698 4115 834 4169 habe
870 4115 1188 4181 BrodericO,
1227 4117 1335 4171 den
1362 4117 1882 4187 Bevollmdchtiqten
1917 4116 2010 4171 des
2049 4116 2368 4183 Woivoden,
2405 4116 2602 4171 bereits
2627 4114 3038 4185 vorqefunden,·
3075 4114 3216 4169 bald

540 4200 715 4272 indffi
751 4205 887 4259 habe
924 4221 978 4260 es
1011 4206 1131 4260 sich
1167 4206 1573 4275 herausyestezlt
1610 4202 1730 4274 dost
1758 4205 2064 4260 Broderico
2098 4205 2201 4259 ilm
2236 4205 2531 4260 wieder-um
2568 4205 2826 4259 hinhalte.
2891 4203 2991 4258 Da
3025 4201 3214 4272 imtess
3232 4205 3309 4259 35

544 4294 640 4348 der
674 4293 1012 4361 Erzbischos
1048 4312 1154 4350 von
1190 4296 1414 4351 Colocza
1457 4300 1765 4364 unterweys
1799 4295 1878 4350 sei
1891 4334 1906 4360 ,
1955 4312 2014 4350 ao
2053 4295 2204 4348 wollt
2253 4311 2314 4348 er
2362 4294 2551 4349 desse-n
2597 4293 2863 4359 Anhmft
2906 4294 3214 4361 abtum-ten,

542 4384 699 4437 dam
746 4383 902 4451 aber,
962 4381 1096 4449 falls
1139 4384 1256 4438 sich
1300 4384 1456 4438 nicht
1506 4383 1682 4438 dieser
1729 4383 2331 4454 entyeyenkommender
2380 4382 2501 4437 und
2553 4382 2923 4453 aufrichtiqer
2969 4384 3212 4450 ermedeo,

539 4472 957 4526 zumckkehrcn.
1032 4472 1260 4540 Parma,
1296 4472 1594 4543 Carteggio
1621 4471 1845 4527 Farnes.
1879 4472 2026 4541 Oria.
2059 4502 2123 4510 —
2152 4472 2542 4527 Aruleni-scits
2577 4472 2824 4527 erwcihnt
2859 4471 2962 4526 der
2993 4472 3214 4527 kaiaer·

542 4561 679 4616 licha
700 4562 976 4618 Gesandte
994 4561 1060 4615 in
1088 4560 1339 4631 Venediq,
1377 4561 1528 4631 Lopo
1555 4561 1620 4615 de
1641 4561 1825 4629 Sam-ia,
1863 4562 1927 4615 in
1953 4563 2125 4616 einem
2143 4561 2438 4617 Schreiben
2463 4580 2542 4616 an
2566 4561 2846 4617 Ricazeaa
2869 4578 2994 4617 vom
3027 4565 3065 4616 9
3080 4562 3214 4616 Juli

536 4651 763 4720 qamtiy
801 4651 1061 4705 lautende
1088 4650 1279 4717 Briefe
1306 4650 1505 4706 Lunds
1541 4651 1662 4704 wad
1689 4650 2022 4706 Brodericos
2056 4667 2177 4705 vom
2202 4655 2271 4706 13
2296 4652 2440 4707 June
2475 4669 2592 4706 vom
2622 4652 2750 4707 Orte
2775 4650 2879 4705 der
2902 4651 3210 4706 Riedone-
3231 4653 3308 4708 40

541 4740 939 4808 verbandlunq.
1014 4739 1245 4808 Neapel,
1282 4739 1447 4795 Carte
1482 4739 1708 4794 Fames.
1747 4739 1911 4796 Fasc.
1950 4740 2053 4796 733
2094 4738 2246 4812 Oriq.
