3500 5300
786 337 886 392 No,
929 338 1232 392 125—126:
1272 339 1411 393 1535
1448 356 1489 392 c.
1531 337 1761 392 Februar
1795 340 1895 393 inc.
1919 338 2222 393 —Februar
2258 340 2342 394 10.
2788 314 2912 398 ⁸329

431 531 674 620 Scripsi
722 535 1152 619 superioribus
1201 534 1425 599 diebus
1474 534 1753 601 Vestrae
1801 536 2041 620 Regiae
2089 536 2416 621 Majestati
2464 539 2630 601 inter
2661 546 2913 602 caetera
2987 541 3126 592 1535

244 639 423 726 quod
472 639 809 705 credebam
854 664 956 705 me
1020 641 1208 705 modo
1270 644 1333 706 in
1381 640 1788 707 Germaniam
1858 666 1983 706 non
2055 665 2195 707 esse
2263 667 2696 722 reversurum,
2764 647 2913 730 quia
2931 608 3186 750 [⁶5an

244 769 531 811 summus
578 748 871 832 pontifex
920 747 1111 811 alium
1158 772 1325 812 nunc
1372 751 1580 813 Virmn
1627 760 1798 813 esset
1828 749 2273 814 destinaturus.
2320 773 2489 814 nunc
2522 773 2673 814 vero
2720 753 2914 834 signi-

246 855 364 918 fico
430 853 639 919 eidem
700 854 931 920 Sacrae
989 843 1600 942 RegiaeMajestati
1663 855 1858 920 Suam
1917 856 2332 922 Sanctitatem
2393 860 2694 922 statuisse
2741 856 2913 943 quod

194 963 443 1028 5immo
504 984 622 1045 ego
683 960 950 1026 debeam
1011 971 1076 1026 et
1136 986 1258 1026 non
1316 963 1474 1027 alius
1520 962 1745 1027 redire.
1837 962 2060 1026 redibo
2107 966 2320 1049 itaque
2369 974 2434 1028 et
2480 966 2608 1028 cito
2655 963 2914 1050 quidem

246 1079 311 1132 et
354 1069 565 1134 feram
611 1091 859 1133 mecum
907 1069 1117 1155 aliqua
1161 1072 1443 1154 negocia,
1490 1073 1862 1155 praesertim
1909 1072 2150 1134 firmam
2198 1070 2714 1135 deliberationem
2763 1094 2914 1134 con-

244 1175 411 1254 cilii,
476 1198 639 1261 quae
688 1176 921 1240 Sacrae
954 1176 1280 1262 Majestati
1314 1175 1595 1242 Vestrae
1642 1176 1830 1240 valde
1880 1176 2222 1263 placebunt
2253 1182 2312 1257 ¹).
2390 1176 2494 1241 hic
2543 1180 2708 1242 enim
2756 1202 2915 1264 pon-

244 1283 412 1347 tifex
461 1293 635 1346 certe
684 1282 836 1346 nihil
886 1283 1058 1348 aliud
1104 1293 1284 1348 curat
1329 1307 1517 1370 quam
1563 1286 1915 1348 instaurare
1969 1284 2158 1349 fidem
2204 1284 2364 1349 Jesu
2410 1283 2683 1364 Christi,
2742 1284 2913 1371 quod

249 1412 368 1474 ego
419 1388 609 1475 plane
657 1391 923 1454 affirmo,
1861 1407 1886 1440 ⁸

167 1513 227 1562 10
426 1495 619 1560 Plura
665 1519 791 1560 non
840 1498 1111 1561 scribam
1158 1498 1366 1576 modO‚
1413 1500 1563 1583 quia
1608 1497 1983 1583 propediem
2027 1522 2166 1562 sum
2212 1498 2530 1563 rediturus
2579 1508 2645 1562 et-
2689 1499 2913 1584 plenus

245 1603 507 1689 quidem
555 1606 960 1687 negociorum
1010 1604 1335 1682 bonorum,
1383 1604 1547 1682 dico,
1593 1605 1813 1690 procul
1862 1605 2073 1669 dnbio,

426 1710 758 1776 Comendo
804 1734 905 1775 me
953 1711 1300 1775 htunillime
1348 1710 1579 1776 Sacrae
1626 1711 1953 1798 Majestati
1985 1711 2283 1779 Vestrae.

250 1960 405 2027 126.
496 1960 705 2042 Papst
748 1961 928 2026 Paul
970 1962 1103 2026 III
1141 1983 1231 2025 an
1273 1962 1360 2026 K.
1408 1961 1828 2026 Ferdinand:
1874 1962 2108 2027 schiclct
2154 1962 2286 2043 auf
2305 1961 2724 2025 Ferdinands
2755 1963 2914 2026 Em·
2935 1962 2995 2015 F
3001 1963 3079 2015 br.
3118 1965 3190 2013 10

240 2068 553 2149 pfehluny
610 2068 728 2131 hin
784 2068 1001 2132 Pietro
1047 2068 1243 2133 Paolo
1303 2069 1598 2150 Verqerio
1650 2090 1733 2134 zu
1800 2069 1929 2133 ihm
1987 2068 2090 2133 als
2148 2069 2442 2134 Nuntius
2500 2070 2740 2134 zurilck
2798 2071 2915 2134 mit

166 2189 229 2242 15
247 2173 589 2256 speziellen
633 2175 1006 2258 Austriiyen
1074 2197 1164 2240 an
1231 2177 1354 2240 den
1411 2175 1634 2259 Kimiy
1700 2175 1884 2240 selbst
1951 2177 2139 2240 sowie
2206 2197 2295 2239 an
2362 2176 2467 2240 die
2510 2175 2916 2257 Kurfiirsten

248 2281 532 2346 Fiirsten
575 2283 718 2346 und
757 2282 994 2347 Kreise
1040 2283 1144 2347 des
1189 2283 1425 2348 Reichs
1472 2284 1545 2346 in
1591 2283 1704 2347 der
1752 2281 2207 2350 Concilssache.
2297 2284 2460 2347 1535
2505 2283 2804 2348 Februar
2832 2287 2914 2346 10

393 2515 517 2569 Aua
562 2515 735 2581 Rom,
782 2513 950 2569 Arch.
1007 2515 1125 2569 Vat.
1183 2515 1335 2569 Arm.
1388 2516 1459 2570 40
1507 2514 1628 2570 Vol.
1667 2515 1739 2568 50
1795 2514 1886 2569 fol.
1933 2516 2040 2570 308
2092 2533 2173 2569 nr.
2230 2516 2338 2569 334
2392 2515 2585 2582 Corum
2647 2516 2916 2585 yedruckt

462 2604 692 2658 hie-raus
745 2603 1038 2675 Raynaldi
1085 2605 1336 2660 Annales
1390 2604 1772 2660 Ecclesiastici
1829 2606 1969 2659 1535
2016 2603 2056 2675 5
2108 2608 2183 2660 32
2239 2603 2432 2672 (altere
2485 2605 2760 2674 Sigmatur
2813 2605 2914 2662 R's

166 2689 235 2742 20
465 2693 625 2748 Pauli
663 2692 751 2747 111
788 2693 882 2747 lib.
925 2692 1073 2747 brev,
1114 2711 1162 2747 a.
1206 2696 1229 2747 1
1272 2712 1324 2764 p.
1366 2694 1513 2759 541).

428 2817 771 2883 Carissime
819 2828 940 2883 etc.
986 2840 1133 2883 cum
1180 2868 1507 2883 ......
1520 2822 1566 2901 ⁸)
1615 2821 1905 2882 nuntimn
1939 2828 2003 2882 et
2048 2828 2362 2883 oratorem
2392 2817 2475 2882 ad
2504 2817 2912 2904 Majestatem

252 2925 454 2989 Tuam
497 2928 751 2991 mittere
797 2927 1272 3005 statuissemuS,
1320 2948 1445 2989 non
1491 2926 1693 2990 solum
1740 2948 1857 3012 pro
1904 2925 2219 2990 servando
2266 2948 2467 3004 more,
2514 2948 2736 2990 verum
2781 2948 2914 2990 ma-

252 3035 421 3097 xime
477 3056 594 3118 pro
656 3055 731 3097 eo
790 3032 1001 3097 studio
1057 3056 1131 3097 ac
1178 3032 1495 3097 desiderio
1552 3032 1722 3118 quod
1770 3033 1952 3097 nobis
2000 3055 2334 3097 commune
2381 3056 2525 3096 cum
2571 3033 2914 3118 Majestate

250 3139 394 3204 Tua
437 3150 565 3221 est,
623 3163 740 3226 per
797 3139 1173 3204 universalis
1230 3140 1481 3204 concilii
1525 3139 1879 3205 remedium
1923 3142 2111 3204 istam
2156 3140 2439 3204 inclita-m
2483 3141 2802 3203 nationem
2847 3141 2914 3203 in

166 3247 658 3333 &tranquillum
718 3255 953 3311 statum
1010 3245 1357 3311 reducendi
1419 3256 1483 3311 et
1541 3248 1606 3310 in
1667 3256 1955 3311 veterem
2013 3255 2272 3311 sanctae
2329 3245 2478 3311 fidei
2534 3268 2914 3310 consensum

252 3353 627 3419 restituendi
675 3362 741 3418 et
784 3352 923 3418 aliis
970 3353 1281 3418 incendiis
1314 3354 1693 3418 christianae
1739 3354 2027 3437 religioni
2059 3362 2133 3418 ut
2175 3355 2402 3418 merito
2447 3355 2656 3418 timeri
2702 3361 2917 3439 potest

254 3461 726 3526 imminentibus
796 3460 1202 3540 occurrendi,
1272 3463 1486 3525 statim
1553 3470 1626 3525 ut
1694 3460 1969 3524 vidimus
2029 3460 2243 3525 literas
2302 3460 2480 3524 Tuae
2540 3459 2913 3525 Serenitatis

254 3567 436 3631 nobis
480 3569 541 3633 d.
588 3569 636 3633 f.
683 3567 859 3633 Petri
906 3567 1087 3633 Pauli
1136 3567 1456 3652 Vergerii‚
1501 3567 1671 3653 apud
1718 3577 1782 3633 te
1829 3569 2052 3646 nuntii,
2097 3567 2418 3652 religionis
2467 3567 2801 3652 probitatis
2850 3575 2916 3630 et

255 3673 652 3741 dexteritatis
701 3677 991 3740 notitiam
1023 3676 1331 3740 habentes
1364 3676 1429 3757 b),
1474 3675 1765 3739 fleximus
1799 3674 1880 3739 ad
1913 3698 2058 3740 eum
2103 3683 2303 3739 totam
2349 3696 2543 3759 super
2587 3673 2709 3737 hoc
2741 3676 2915 3757 cogi-

168 3783 554 3848 30tationem
627 3793 694 3847 et
760 3782 1282 3847 deliberationem
1340 3791 1653 3860 nostram,
1705 3792 1780 3846 ut
1827 3806 1998 3861 eum,
2067 3805 2256 3867 quem
2301 3781 2419 3845 tibi
2467 3780 2802 3866 probatum
2849 3790 2915 3845 et

256 3902 588 3975 acceptum
633 3888 1011 3954 videbamus
1071 3912 1146 3953 ac
1205 3899 1536 3975 praeterea
1593 3888 1673 3953 de
1732 3888 1856 3952 illis
1902 3889 2091 3953 rebus
2149 3891 2276 3973 jam
2315 3872 2505 3952 ⁸esset
2549 3889 2914 3965 instructus,

256 3999 499 4061 cunctis
544 4000 611 4061 in
661 3996 781 4061 hoc
828 3996 1306 4062 anteferremus.
1378 4019 1523 4061 eum
1579 3997 1794 4081 itaque
1859 4019 2004 4060 cum
2048 3995 2176 4060 Dei
2233 3997 2486 4059 nomine
2534 3993 2615 4058 ad
2662 3993 2915 4059 Sereni-

402 4193 441 4243 ι)
470 4194 573 4235 Lod·
604 4196 663 4234 im
696 4194 895 4246 Campe.-
922 4193 1029 4232 auch
1057 4193 1182 4233 sehon
1212 4193 1275 4233 bei
1300 4192 1499 4241 Rumam
1526 4192 1676 4238 Lache:
1707 4204 1758 4231 en
1788 4192 1986 4241 evffliuun
2017 4191 2092 4232 wol
2112 4191 2202 4243 ,inm
2231 4190 2395 4242 pridem
2424 4190 2518 4231 oder
2545 4190 2766 4231 ahnleches.

402 4265 445 4315 b)
474 4267 591 4306 Coum.
613 4264 837 4306 habentis.

172 4398 241 4451 35
406 4372 446 4439 ¹)
481 4374 569 4428 Im
609 4373 1011 4429 Consistmium
1047 4389 1168 4428 vom
1202 4375 1269 4425 15
1305 4372 1535 4425 ‚Ianuar
1573 4373 1709 4424 1535
1746 4371 2035 4442 proposuit
2073 4370 2281 4426 Sanm¹¹⁸
2320 4370 2588 4425 Dominus
2609 4368 2811 4425 Noster
2845 4371 2914 4424 de

260 4477 323 4515 rc
378 4464 613 4531 concilii,
669 4480 837 4534 super
893 4480 1005 4533 qua
1058 4462 1168 4516 fuit
1222 4461 1543 4517 conclusum
1591 4460 1659 4515 de
1715 4478 1987 4515 consensu
2042 4461 2282 4515 omnium
2336 4460 2482 4531 quod
2538 4460 2916 4514 committatur

259 4551 476 4605 nunciis
510 4552 848 4608 destinandis
893 4552 963 4605 ad
1011 4551 1289 4622 principes
1325 4549 1604 4605 decretum
1645 4566 1766 4604 esse
1802 4549 2053 4620 pontifici
2099 4557 2157 4605 et
2204 4567 2363 4605 sacro
2413 4549 2644 4621 collegio
2693 4548 2913 4603 omnino

261 4639 551 4695 concilium
605 4640 970 4697 sanctitatem
1027 4639 1193 4695 Suam
1232 4638 1509 4695 celebrare
1565 4639 1720 4693 velle.
1794 4639 1954 4708 Rom,
1990 4638 2137 4693 Ribz.
2176 4638 2348 4693 Barb.
2400 4638 2517 4693 cod.
2568 4636 2841 4705 XXXVI,
2879 4638 2909 4690 1

260 4728 360 4783 fol.
400 4729 493 4785 211
505 4741 546 4784 ⁸.
