3500 5300
528 294 638 365 860
1650 297 1747 360 No.
1779 301 1876 359 1⁴³:
1917 299 2071 360 1536.

338 506 479 557 1536
530 501 910 567 veniendum
962 501 1155 588 juxta
1211 498 1365 565 illud
1424 499 1579 564 Mat.
1643 510 1725 567 23
1759 499 1853 589 ¹):
1935 499 2051 566 hec
2109 499 2434 587 opportuit
2485 498 2695 564 facere
2759 506 2823 563 et
2888 495 2996 563 illa
3068 520 3197 564 non

531 609 833 673 omittere.
930 607 1099 694 quod
1147 608 1198 671 si
1247 609 1527 694 utrisque
1575 608 1939 672 satisfacere
1985 628 2392 693 nequeamus,
2440 628 2563 670 non
2612 603 2987 691 negabimus
3049 629 3197 670 cou-

530 715 892 800 sanguineis
937 715 1163 779 vicinis
1207 725 1269 778 et
1314 712 1732 778 familiaribus
1792 715 2001 799 potius
2066 711 2601 792 subveniendum,
2663 714 2873 777 edocti
2933 711 3016 777 ab
3065 713 3195 776 Au·

527 822 779 907 gustino
825 819 988 885 libro
1033 822 1238 907 primo
1285 820 1364 885 de
1410 821 1703 886 doctrina
1749 821 2123 902 christiana,
2184 820 2335 883 dum
2398 820 2634 906 inquit:
2694 842 2838 883 cum
2901 817 3196 883 omnibus

529 927 828 1014 prodesse
872 949 1001 992 non
1045 929 1279 1014 possis,
1327 926 1423 990 his
1470 928 1794 1013 potissime
1841 926 2292 991 consulendum
2340 934 2436 990 cst
2481 926 2590 1013 qui
2637 947 2753 1012 pro
2798 925 3080 990 locorum
3129 935 3194 990 et
3252 948 3288 1000 5

529 1043 884 1121 temporum
932 1032 1035 1098 vel
1083 1031 1510 1120 quarumlibet
1555 1055 1765 1100 rerum
1800 1032 2377 1120 opportunitatibus
2423 1034 2820 1098 constrictius
2852 1031 2965 1097 tibi
3010 1034 3192 1118 quasi

529 1140 806 1228 quadam
854 1148 1021 1205 sorte
1056 1141 1419 1227 junguntur
1445 1141 1515 1223 ⁸).

720 1303 776 1364 9.
855 1299 955 1365 De
1001 1299 1342 1386 prophanis
1387 1300 1594 1365 causis
1640 1299 1720 1364 ad
1770 1300 2128 1364 Romanum
2179 1299 2456 1363 tribunal
2502 1322 2630 1364 non
2675 1298 3014 1364 trahendis.

705 1406 849 1471 Non
895 1414 989 1472 est
1034 1407 1285 1470 animus
1313 1405 1366 1493 b)
1414 1414 1665 1471 vastum
1715 1405 1869 1470 illud
1915 1406 2177 1492 pelagus
2221 1405 2301 1470 de
2346 1406 2618 1470 Romani
2676 1405 2990 1492 pontificis
3045 1429 3195 1492 sup·

527 1534 747 1599 prema
791 1515 856 1577 in
902 1534 1120 1577 omnes
1167 1514 1541 1577 auctoritate
1588 1512 1793 1599 deque
1839 1512 2007 1577 illius
2054 1515 2378 1599 utriusque
2422 1512 2622 1599 gladii
2652 1520 2960 1598 potestate
2989 1516 3064 1597 θ),
3111 1534 3284 1587 exm

530 1619 761 1707 quibus
818 1619 980 1684 sorte
1041 1627 1358 1684 constaret
1419 1642 1829 1706 quascunque
1886 1642 2109 1684 causas
2169 1619 2250 1683 ad
2300 1619 2649 1684 Romanam
2706 1619 2916 1684 sedem
2966 1619 3196 1684 deferri

528 1748 743 1813 posse3
804 1725 913 1789 sed
971 1727 1242 1811 ingenue
1302 1725 1644 1791 fatebimur
1699 1727 1909 1813 quoad
1970 1728 2344 1791 exercitium
2407 1725 2624 1791 saltem
2688 1727 3016 1791 distinctas
3061 1747 3196 1790 esse

529 1833 757 1897 summi
803 1833 1120 1918 pontificis
1165 1841 1227 1897 et
1257 1834 1654 1919 imperatoris
1690 1833 2166 1917 jurisdictiones
2211 1855 2329 1897 nec
2377 1832 2633 1898 alterius
2666 1833 2822 1919 jura
2867 1831 2949 1897 ab
2997 1833 3193 1897 altero

531 1938 860 2003 violanda:
908 1963 959 2003 c.
992 1961 1137 2003 cum
1186 1938 1264 2002 ad
1303 1962 1522 2003 verum
1569 1948 1629 2003 et
1664 1963 1716 2002 c.
1751 1940 1878 2004 duo
1926 1951 2090 2022 sunt,
2138 1941 2373 2026 quippe
2406 1949 2489 2007 96
2538 1940 2678 2005 dist.
2708 1943 2780 2025 ²),
2828 1939 3194 2025 abrogatas-

528 2068 651 2132 que
696 2045 829 2109 fore
862 2044 1199 2110 Theodosii
1247 2052 1307 2109 et
1338 2044 1550 2110 Caroli
1598 2047 2049 2132 imperatorum
2086 2047 2563 2111 constitutiones
2608 2069 2729 2134 que
2762 2045 3080 2111 habentur
3115 2058 3186 2111 11
3220 2067 3284 2119 15

529 2175 587 2239 q.
621 2153 685 2215 in
719 2174 770 2216 c.
805 2152 1188 2239 quicumque
1215 2152 1297 2239 8);
1332 2175 1386 2218 c.
1422 2175 1638 2217 omnes
1665 2156 1751 2238 ⁴)3
1785 2177 1837 2217 c.
1871 2152 2136 2217 relatum
2165 2152 2220 2239 ⁶)
2264 2192 2358 2235 —‚
2393 2152 2627 2240 quibus
2657 2154 3030 2239 permissum
3061 2161 3196 2217 erat

530 2260 665 2322 sive
726 2260 787 2322 in
835 2258 964 2322 litis
1010 2259 1187 2323 initio
1234 2260 1366 2322 sive
1413 2259 1689 2323 decursis
1737 2269 2090 2345 temporum
2140 2259 2503 2341 curriculis,
2566 2259 2822 2346 quando
2867 2261 3196 2346 negocium

528 2373 1018 2451 prorogaretur,
1064 2364 1220 2430 alias
1268 2374 1600 2452 peroratur
1628 2367 1711 2450 ⁴¹),
1775 2377 1966 2453 atque
2012 2368 2201 2432 etiam
2249 2390 2394 2430 cum
2442 2368 2646 2453 promi
2695 2368 2830 2452 jam
2890 2367 3197 2430 sententia

671 2531 715 2570 a)
746 2525 845 2565 Μ.
888 2527 907 2562 1
941 2525 1069 2566 adel„-
1121 2525 1243 2573 Quod
1285 2537 1382 2565 vero
1424 2527 1585 2575 rogant
1619 2526 1903 2576 apostolicam
1945 2526 2094 2567 sedem
2142 2527 2196 2567 de
2235 2525 2449 2568 tollendis
2495 2525 2872 2576 indulgentiarum
2908 2525 3112 2566 oneribus
3149 2527 3198 2566 et

528 2595 822 2641 offendiculis.
852 2608 934 2636 non
965 2598 1036 2636 est
1063 2596 1177 2646 quod
1207 2608 1319 2637 novo
1347 2600 1479 2649 egeat
1506 2608 1728 2648 responso,
1763 2609 1859 2637 eum
1898 2609 2032 2649 supra
2058 2597 2294 2639 dixerimus
2323 2597 2537 2638 nemiuem
2566 2598 2623 2639 sd
2651 2608 2729 2638 eas
2758 2595 3068 2649 suscipiendas
3097 2595 3196 2646 cogi
3215 2598 3286 2652 ᾖ)

528 2669 609 2709 aut
634 2668 852 2719 compelli.
911 2669 963 2709 de
1007 2667 1348 2709 terminariorum
1391 2680 1493 2708 vcro
1530 2671 1576 2709 et
1616 2669 1970 2710 stationariorum
2006 2668 2216 2710 abusibus
2253 2668 2452 2710 adhiberi
2487 2669 2651 2720 poterit
2693 2667 2931 2710 remedium
2969 2669 3021 2709 ut
3057 2668 3197 2708 libera

528 2739 806 2791 permittatur
833 2739 1067 2780 ordinariis
1097 2738 1284 2780 facultas
1313 2751 1389 2779 eos
1417 2739 1720 2790 compescendi
1759 2741 1838 2780 aut
1866 2740 2013 2781 mitius
2053 2740 2230 2782 idoneos
2269 2739 2527 2791 repelle-di.
2568 2751 2651 2789 que
2690 2740 2779 2780 sibi
2805 2753 2834 2779 a
2855 2740 2954 2790 jure
2984 2741 3198 2790 permissa

530 2814 600 2852 est
627 2813 673 2851 et
701 2811 963 2860 quandoque
992 2822 1067 2860 per
1095 2809 1249 2850 literas
1280 2811 1556 2851 stationariis
1585 2822 1819 2851 concessas
1848 2811 2087 2852 inhibetur.
2145 2812 2223 2852 sed
2251 2812 2460 2852 desinant
2487 2810 2534 2851 hi
2564 2812 2640 2860 qui
2679 2810 2852 2852 nomine
2878 2809 3122 2862 principun
3151 2812 3196 2849 et

527 2884 719 2923 statuum
747 2881 974 2923 Germanic
1018 2881 1099 2922 bec
1139 2883 1383 2933 proponunt
1421 2884 1696 2933 gravamina.
1742 2882 1911 2923 tamdiu
1949 2882 2031 2924 sub
2061 2884 2263 2933 pretextu
2299 2882 2540 2924 christine
2579 2881 2800 2923 libertatis
2839 2882 3054 2923 inu-assa
3090 2893 3194 2923 esu·

526 2952 785 2994 stitutioues
813 2952 1044 2999 detestari.
1093 2964 1188 2994 cum
1218 2952 1458 2994 adinvento
1485 2953 1578 2994 sint
1606 2955 1654 2994 ut
1690 2954 1790 2994 tuta
1818 2953 1881 2994 sit
1919 2954 2034 2996 inter
2073 2953 2290 3004 improbos
2336 2953 2611 3001 innocentia,
2658 2955 2708 2993 ut
2755 2952 2940 2995 honeste
2982 2953 3285 3008 viranuaffi

526 3025 712 3065 alterum
741 3035 824 3064 nou
853 3023 1051 3065 icdsmus
1081 3024 1127 3064 et
1148 3023 1223 3076 ,ius
1253 3035 1376 3064 suum
1406 3024 1563 3074 cuique
1593 3024 1811 3065 tribuatur
1838 3036 2023 3075 veraque
2045 3025 2108 3066 sit
2133 3024 2314 3066 libertas
2342 3024 2520 3076 legibus
2549 3025 2726 3073 servire,
2761 3025 2809 3065 et
2835 3036 2888 3066 ex
2918 3024 3196 3067 Demosteuis

526 3094 751 3137 sententia
777 3106 803 3134 a
835 3094 1051 3136 antiano
1090 3096 1347 3147 imperatore
1374 3095 1611 3146 approbata
1655 3096 1699 3136 iu
1740 3095 1771 3136 l.
1804 3107 1904 3136 nam
1934 3098 1978 3137 et
2008 3096 2296 3137 Demos-tenes
2326 3097 2371 3137 ff.
2402 3097 2457 3137 de
2486 3095 2576 3147 legi
2605 3096 2681 3146 [D.
2711 3096 2737 3136 1
2761 3097 2825 3137 at.
2859 3097 2889 3136 3
2915 3100 2947 3145 5
2975 3099 3029 3147 8]
3056 3097 3196 3138 omnis

529 3166 599 3207 lex
631 3166 692 3207 stt
719 3165 917 3207 inventio
947 3166 1133 3216 quedam
1161 3167 1208 3207 et
1236 3167 1393 3207 donum
1426 3167 1518 3214 Dei.
1549 3168 1709 3218 dogma
1737 3167 1926 3207 omnium
1956 3167 2204 3218 sapientum
2235 3170 2341 3217 Isse!
2368 3167 2396 3207 I.
2420 3168 2448 3208 Ι.
2478 3168 2590 3219 hefft
2616 3179 2660 3208 a
2687 3167 2909 3209 decretum
2937 3169 3194 3220 prudentum

526 3237 778 3287 hominuml.
819 3239 1028 3278 correctio
1059 3237 1397 3278 voluntariorum
1435 3241 1482 3277 et
1511 3250 1592 3279 nou
1634 3238 1972 3279 voluntariorum
2015 3240 2289 3289 peccatorum
2330 3240 2378 3279 et
2414 3238 2614 3280 civitatis
2650 3238 2910 3289 compositio
2939 3239 3193 3285 eommunis.

529 3308 767 3349 secuudum
815 3319 942 3357 quam
989 3319 1136 3349 omues
1181 3309 1309 3349 decet
1354 3309 1501 3350 ssvere
1548 3309 1623 3359 qui
1666 3309 1709 3349 in
1759 3309 1942 3351 civitate
1981 3311 2112 3361 suut3
2159 3311 2206 3351 et
2242 3322 2294 3351 ex
2335 3309 2559 3361 chrisippi
2585 3309 2697 3360 Phr.
2728 3310 2879 3351 ‘adem
2917 3312 3018 3361 lege
3055 3311 3286 3365 reiata30

528 3379 794 3421 auctoritate
826 3378 898 3420 lex
926 3379 989 3420 sit
1015 3379 1205 3421 omnium
1235 3380 1479 3421 divinarum
1511 3383 1557 3422 et
1584 3381 1867 3423 humanarum
1899 3394 2036 3423 rerum
2067 3382 2228 3422 notitia
2258 3382 2303 3434 [l.
2332 3382 2360 3422 1.
2389 3381 2591 3434 regina]‚
2620 3393 2747 3430 quam
2775 3383 2976 3433 opportet
3001 3386 3194 3433 prestare

528 3452 572 3502 [Ι.
604 3451 630 3491 Ι.
675 3462 773 3491 esse
819 3450 1078 3502 praesidem}
1126 3452 1174 3491 et
1220 3452 1345 3492 bonis
1390 3453 1439 3492 et
1485 3452 1612 3493 malis
1659 3456 1706 3492 et
1741 3452 1980 3504 principem
2021 3455 2066 3493 et
2093 3453 2244 3493 ducem
2282 3464 2409 3501 esse,
2457 3454 2505 3493 et
2541 3453 2779 3494 seeundum
2819 3452 2902 3494 hoc
2941 3454 3096 3506 regula
3132 3455 3194 3495 sit

520 3521 737 3573 justorum
773 3523 820 3561 et
858 3521 1118 3572 injustorum
1158 3524 1203 3563 ot
1243 3534 1387 3563 eorum
1424 3534 1509 3572 que
1547 3526 1703 3563 nutura
1731 3523 1887 3564 civilia
1915 3526 2033 3571 sunt.
2074 3524 2347 3575 praecoptrix
2384 3523 2558 3574 quiden
2595 3524 2904 3571 faciendorum.
2933 3525 3192 3577 probibitria

526 3593 674 3633 autem
702 3604 785 3634 non
815 3592 1128 3635 faciendorum.

669 3663 773 3703 Cum
812 3674 911 3705 vero
945 3666 1161 3716 postremo
1200 3665 1417 3706 subicitur
1454 3665 1733 3707 instruendos
1775 3667 1923 3718 potius
1965 3665 2165 3707 homiues
2203 3668 2259 3708 ud
2299 3667 2506 3718 pietatem
2545 3668 2592 3707 et
2638 3667 2868 3708 caritatem
2908 3671 3103 3710 mutum
3141 3668 3286 3720 ‘135

520 3733 720 3785 jussione
750 3733 919 3775 Christi
960 3748 1085 3785 quam
1126 3737 1183 3777 ad
1223 3736 1571 3777 observationem
1617 3738 1815 3789 cujusvis
1867 3737 2123 3779 traditionis
2171 3738 2358 3779 humane
2405 3738 2635 3780 formidine
2680 3751 2814 3789 peno:
2856 3739 2896 3781 si
2935 3740 3194 3791 prete-daut

525 3807 876 3857 transgressores
906 3805 1051 3856 legum
1081 3807 1258 3847 minime
1288 3807 1545 3849 afficiendos
1576 3819 1715 3859 pena,
1744 3810 1840 3849 tota
1868 3809 2071 3849 aberrant
2101 3808 2186 3854 vis.
2215 3810 2564 3859 quandoquidem
2595 3809 2732 3851 Exodi
2762 3812 2811 3850 21
2842 3809 3020 3861 legibus
3047 3822 3074 3850 a
3103 3809 3192 3851 Deo

526 3876 642 3919 datis
672 3877 818 3929 plures
848 3877 1045 3928 adJectae
1075 3877 1239 3919 suerint
1266 3890 1404 3929 penae
1433 3880 1479 3920 et
1507 3879 1664 3920 deceat
1691 3881 1739 3920 ut
1768 3879 1840 3928 qui
1872 3880 2041 3920 stultus
2069 3880 2202 3921 fuerit
2230 3881 2275 3921 in
2305 3881 2445 3932 culpa.
2477 3881 2656 3932 sapiens
2684 3880 2748 3921 sit
2774 3880 2819 3921 iu
2848 3892 2978 3932 pena.
3008 3881 3056 3922 ut
3081 3881 3195 3922 dixit

526 3947 654 3989 dirus
692 3947 927 3999 Gregorius
973 3947 1020 3990 iu
1060 3948 1299 3990 floralibus
1346 3951 1393 3989 et
1432 3950 1620 3991 habetur
1665 3951 1709 3991 iu
1751 3961 1790 3992 c.
1822 3951 1897 4000 qui
1935 3963 1987 3992 ea
2014 3954 2066 3993 88
2105 3951 2198 3994 dist
2242 3956 2295 4002 [c.
2331 3955 2381 3993 10
2407 3952 2446 3992 Ι)
2472 3953 2561 4002 381.
2592 3951 2666 4002 qui
2695 3952 2804 3993 aiibi
2844 3952 2976 3993 etiam
3005 3953 3195 3993 asseruit

527 4019 699 4070 cuipam
729 4030 830 4060 esse
859 4021 904 4060 in
935 4019 1095 4070 quibus
1123 4021 1252 4072 culpa
1279 4024 1351 4062 est
1378 4022 1572 4063 relaxare
1602 4023 1839 4063 vindictum
1870 4026 1916 4063 et
1941 4023 2126 4064 habetur
2155 4024 2199 4064 iu
2228 4035 2266 4065 c.
2297 4024 2402 4073 quia
2430 4026 2481 4065 28
2509 4024 2615 4065 dist.
2637 4023 2709 4075 [1].
3210 4024 3283 4075 41]

670 4091 717 4141 b)
750 4090 847 4132 aaa.
881 4094 899 4131 1
927 4092 1022 4133 add.
1054 4092 1429 4143 inpresentiarum.

672 4164 711 4211 c)
743 4162 833 4205 Das
873 4162 1037 4204 Verbum
1063 4163 1133 4204 des
1161 4164 1301 4205 seim
1320 4165 1445 4214 fehlt.

670 4233 715 4284 d)
746 4233 844 4273 Rea.
877 4235 898 4273 1
925 4233 1098 4284 quando
1127 4234 1349 4286 negotium
1376 4239 1613 4287 peroratur.

679 4321 721 4392 ¹)
759 4322 864 4377 Ev.
904 4323 1088 4378 Mam.
1124 4327 1199 4378 23
1233 4340 1283 4379 v.
1322 4329 1412 4378 23.

673 4410 716 4478 ⁷)
758 4428 801 4466 c.
840 4416 875 4466 6
912 4412 1065 4468 bezw.
1104 4432 1148 4468 c.
1189 4417 1260 4466 10
1293 4412 1369 4468 D.
1397 4417 1486 4469 96.
3205 4440 3276 4493 45

672 4498 717 4572 ⁸)
756 4518 800 4556 c.
839 4504 914 4557 3⁷
951 4501 1009 4558 0.
1046 4507 1112 4557 11
1147 4519 1237 4572 qu.
1274 4506 1324 4557 3.

671 4588 718 4659 ⁴)
757 4607 801 4646 c.
839 4594 913 4646 36
951 4590 1006 4647 G'.
1044 4596 1107 4647 11
1142 4610 1232 4663 qu.
1268 4597 1314 4648 1.

671 4677 1315 4756 ”)ο.140.11φι.1.
