3500 5300
594 332 697 394 112
1387 337 1485 392 No,
1524 338 1761 392 22-23:
1801 338 1938 392 1537
1977 336 2207 390 Februar
2241 337 2452 391 3.-12,

398 535 536 585 1537
591 533 828 612 Roma,
897 534 940 597 il
1011 533 1127 598 che
1200 534 1323 617 cgli
1385 534 1468 598 ha
1527 534 1694 598 fatto
1759 534 2124 611 volentieri,
2193 533 2487 597 havendo
2554 532 2830 597 anchora
2887 532 3120 597 lettere
3192 532 3257 596 di

352 601 496 657 Fbr.
534 606 571 657 3
625 642 638 654 .

353 1704 494 1758 Fbr.

587 640 1192 705 ncommandatione
1253 639 1338 704 da
1395 640 1458 704 la
1518 640 1797 705 Cesarea
1852 640 2109 705 Maesta
2169 650 2235 704 et
2301 639 2386 704 da
2454 650 2679 726 questo
2741 639 2931 704 Ser¹²¹⁰
3001 662 3072 703 re
3140 662 3262 724 per

587 747 732 811 altri
780 748 917 811 suoi
968 747 1249 831 dissegni
1298 756 1365 811 et
1410 746 1743 827 desiderii,
1805 770 1984 812 come
2041 745 2129 813 V.
2179 746 2242 811 S.
2288 746 2621 811 intendera
2667 769 2785 833 per
2827 746 2889 809 le
2936 745 3259 831 supplica-

585 856 746 918 tioni
793 876 943 931 sue,
1003 864 1066 918 et
1126 856 1210 917 mi
1273 853 1354 918 113
1412 863 1677 939 pregato
1729 854 1795 918 10
1843 854 2057 938 voglia
2102 853 2656 919 raccommandare
2701 876 2741 917 a
2786 852 2918 917 Sua
2964 851 3258 916 Beatitu-

586 961 753 1025 dine.
846 961 888 1024 il
937 962 1168 1046 perche
1237 960 1629 1025 intendendo
1698 963 1903 1025 costui
1965 983 2178 1026 essere
2238 960 2471 1024 huomo
2531 960 2597 1025 di
2657 960 2873 1024 valore
2946 968 3010 1023 ct
3058 959 3255 1023 molto
3297 972 3325 1024 5

585 1076 766 1151 grato
813 1090 853 1131 a
897 1069 1108 1153 questi
1165 1067 1274 1132 dui
1335 1069 1608 1154 principi
1669 1078 1735 1132 et
1793 1067 1994 1132 anche
2056 1067 2449 1132 benemerito
2495 1067 2578 1132 de
2625 1067 2687 1131 la
2731 1067 3042 1151 religione
3089 1066 3255 1129 chri-

586 1176 790 1238 stiana
838 1184 904 1239 ct
950 1172 1311 1238 essendomi
1341 1175 1896 1239 raccommandato
1928 1173 2324 1238 caldamente
2371 1174 2474 1238 dal
2508 1173 2638 1238 R¹¹²⁰
2685 1176 2902 1257 sig-nor
2933 1171 3252 1237 cardinale

586 1280 652 1345 di
697 1280 756 1343 T
756 1290 972 1360 rent0,
1031 1280 1322 1366 supplico
1370 1280 1502 1345 Sua
1548 1280 1799 1345 Santita
1855 1281 2067 1365 voglia
2122 1281 2382 1344 haverlo
2429 1304 2545 1366 pcr
2588 1278 3142 1345 raccommandato
3191 1290 3251 1343 et

587 1388 797 1471 voglia
865 1387 1084 1453 esserli
1153 1387 1430 1473 benigna
1498 1396 1562 1452 et
1627 1390 1913 1473 gratiosa
1981 1391 2173 1452 etiam
2240 1410 2359 1473 per
2414 1387 2651 1453 havere
2715 1410 2799 1450 un
2857 1386 2949 1450 tal
3018 1387 3251 1450 huomo

585 1503 851 1559 astretto
898 1518 936 1558 3
979 1495 1044 1558 13
1089 1494 1244 1559 sede
1302 1494 1654 1581 apostolica
1700 1494 1764 1558 di
1816 1494 2081 1580 qualche
2130 1493 2362 1580 obligo,
2443 1500 2521 1558 ne
2566 1517 2684 1581 per
2728 1493 2885 1558 hora
2932 1494 3099 1559 altro
3146 1505 3322 1558 oc-lo

585 1601 893 1666 correndo
938 1600 1247 1666 basiando
1293 1609 1403 1669 etc,

531 1709 567 1758 3
759 1707 865 1772 Da
911 1706 1172 1774 Vienna
1217 1709 1260 1772 il
1307 1717 1482 1774 terzo
1530 1707 1596 1772 di
1643 1708 1901 1773 febraro
1954 1718 2140 1778 15:57.

311 1953 371 2007 F
376 1952 453 2009 br·
492 1959 565 2009 12
584 1957 700 2025 23.
791 1958 1053 2023 Marone
1110 1981 1197 2022 an
1241 1958 1556 2023 Ricalcati
1568 1981 1590 2023 .·
1657 1960 1931 2042 Ameiye
1996 1960 2101 2023 des
2158 1958 2409 2042 Keiniqs
2474 1960 2603 2042 dqss
2670 1960 2770 2023 (lie
2836 1958 3247 2040 armar-isdum

585 2065 887 2129 Prdlatmz
948 2067 1149 2129 seiner
1199 2065 1500 2131 Obedienz
1565 2067 1693 2147 auf
1747 2067 1882 2131 dem
1928 2066 2251 2148 Landtaqe
2306 2087 2389 2131 zu
2450 2066 2757 2147 stesbwy
2814 2065 3248 2145 Resteammq

585 2173 692 2234 der
760 2172 1130 2236 Geistlichen·
1195 2195 1340 2237 zum
1400 2173 1616 2238 Zureck
1661 2174 1770 2237 cler
1828 2173 2304 2256 Vertheidiyuny
2370 2174 2475 2237 des
2542 2172 2792 2237 Landes
2859 2170 3245 2235 baechlossm
3270 2184 3322 2235 15

582 2276 914 2341 Bedenlcen
946 2278 1271 2343 Morone'a
1350 2278 1642 2361 Senduny
1688 2280 1797 2343 der
1854 2278 1917 2345 U
1912 2300 2119 2361 nyarn
2160 2299 2243 2343 zu
2287 2279 2417 2343 ihm
2462 2280 2580 2343 mit
2608 2278 3041 2359 Motiviemny
3084 2277 3248 2340 ihres

581 2383 978 2448 Beschlusses
995 2436 1010 2461 ,
1073 2386 1190 2449 (len
1247 2387 1355 2449 der
1415 2385 1709 2449 Nuntius
1766 2386 1900 2449 dem
1945 2384 2177 2466 Papste
2233 2406 2349 2451 zur
2402 2384 2868 2466 Genehmiyuny
2927 2383 3243 2464 empfiehlt.

581 2490 881 2572 Ankunft
923 2493 994 2554 in
1039 2493 1237 2570 Isium
1294 2493 1556 2557 Absicht
1597 2493 1759 2556 nach
1807 2492 2057 2557 Passau
2114 2514 2197 2557 zu
2237 2493 2428 2576 ychen
2470 2514 2587 2558 ‚eur
2645 2490 3088 2573 Verhandluny
3131 2492 3247 2555 mit

581 2597 700 2661 den
745 2597 993 2662 Baiern
1038 2599 1183 2664 iiber
1227 2599 1493 2664 Abwehr
1545 2600 1655 2664 (ler
1709 2599 1953 2663 Tilrken
1997 2599 2133 2663 und
2173 2600 2281 2664 der
2333 2599 2741 2681 befiirchteten
2792 2598 3096 2678 Offensive
3137 2598 3246 2662 der

581 2703 1132 2770 Schmalkaldencr.
1214 2705 1746 2788 Schwifflqkeiten
1776 2707 1884 2770 cler
1914 2706 2232 2788 sacham,-
2278 2707 2377 2771 die
2420 2706 2845 2774 Untertlmnen
2889 2705 3001 2770 der
3028 2705 3241 2769 katho-
3261 2716 3326 2770 20

581 2812 808 2875 lischen
859 2813 1127 2875 Fiirsten
1172 2813 1431 2894 vielfach
1475 2813 1818 2878 ketzerisch.
1911 2813 2088 2876 Bitte
2132 2835 2241 2877 um
2303 2812 3068 2894 Verbaltunysmffreydn
3109 2812 3247 2875 und

579 2920 1009 2983 ermuntemde
1054 2918 1302 2984 Breven
1357 2942 1446 2983 an
1503 2921 1602 2984 die
1644 2919 2061 2984 katholischen
2108 2920 2397 2983 Fiirsten.
2491 2917 2823 2982 Provisimz
2873 2918 3029 2981 noch
3072 2917 3245 2982 nicht

578 3026 938 3107 anqelanyt,·
995 3027 1370 3091 wiederholte
1414 3026 1592 3090 Bitte
1654 3026 1763 3090 ilm
1819 3026 1993 3090 nicht
2050 3028 2137 3090 *im
2183 3025 2388 3091 Stiche
2443 3046 2527 3091 zu
2583 3024 2804 3088 lassen.
2897 3028 3066 3089 1537
3120 3024 3241 3088 Fe-

578 3133 772 3196 bruar
817 3136 901 3198 12
947 3134 1127 3196 Isim.

727 3258 847 3311 Aus
884 3257 1115 3327 Νευροὶ,
1159 3257 1387 3311 Grande
1414 3258 1684 3312 Archivio
1712 3255 1878 3312 Carte
1905 3255 2130 3312 Fax-nes.
2162 3257 2318 3312 Fasc.
2350 3257 2454 3312 749
2486 3256 2665 3326 Θήρῃ
2699 3256 2763 3311 in
2790 3274 2942 3313 terso
2970 3256 3321 3313 Rieemteffi

790 3363 825 3401 a
861 3348 895 3400 6
933 3345 1097 3416 [siff]
1134 3346 1188 3400 di
1228 3363 1410 3401 marzo
1440 3345 1505 3414 ¹).

342 3469 404 3522 F
409 3470 486 3523 br.
526 3474 559 3523 5
756 3472 889 3535 Alli
938 3482 975 3539 5
1025 3470 1091 3534 di
1139 3481 1365 3556 questo
1411 3470 1681 3535 essendo
1739 3494 1855 3556 per
1912 3474 2165 3556 partirsi
2224 3479 2448 3557 questo
2496 3469 2683 3535 Serum
2728 3493 2797 3535 re
2843 3469 2927 3535 da
2973 3469 3237 3535 Vienna

579 3587 642 3641 et
687 3577 751 3641 di
800 3577 1021 3642 ordine
1068 3576 1134 3641 di
1182 3577 1315 3643 Sua
1362 3578 1617 3642 Maesta
1661 3577 1933 3642 essendo
1979 3580 2042 3641 io
2090 3580 2334 3642 inviato
2381 3577 2535 3642 d'un
2578 3578 2803 3662 giorno
2848 3579 3073 3641 avanti
3115 3599 3237 3641 con

575 3683 805 3766 gl'altri
875 3684 1339 3750 ambasciadori
1408 3706 1523 3769 per
1590 3687 1834 3749 evitare
1914 3685 1978 3748 13
2044 3683 2498 3749 incommodita
2574 3683 3238 3769 degl’alloggiamenti,

579 3789 710 3855 Sua
755 3790 1008 3854 Maesta
1053 3793 1140 3855 mi
1187 3791 1327 3856 fece
1373 3790 1702 3856 intendere
1748 3791 2124 3856 ch’essendo
2171 3794 2530 3856 necessario
2582 3789 2935 3877 provedere
2991 3789 3236 3876 agl'im-
3254 3801 3323 3854 30

576 3899 842 3961 minenti
887 3898 1150 3983 pericoli
1198 3898 1302 3962 del
1343 3898 1574 3975 TurcO,
1620 3900 1813 3963 etiam
1861 3920 1975 3984 per
2004 3897 2377 3963 defensione
2424 3897 2490 3962 di
2537 3899 2747 3983 quella
2778 3907 2959 3984 parte
3005 3896 3235 3982 ch’egli

581 4005 748 4067 tiene
795 4003 875 4066 de
923 4003 1288 4088 l'Ungaria‚
1343 4008 1492 4070 tutti
1554 4005 1599 4068 li
1645 4005 1872 4091 prelati
1938 4015 2003 4069 et
2062 4005 2284 4069 baroni
2332 4004 2577 4090 Ungari
2638 4027 2719 4069 ne
2778 4005 2841 4070 13
2901 4004 3075 4069 dieta
3115 4025 3236 4069 sua

577 4109 739 4174 satta
784 4133 823 4175 a
867 4110 1177 4175 Possonio
1225 4111 1560 4176 havevano
1607 4112 1874 4197 pigliato
1919 4113 1967 4176 il
2012 4114 2222 4177 carico
2282 4134 2471 4197 sopra
2517 4111 2582 4176 di
2644 4134 2713 4176 se
2774 4111 2842 4176 di
2889 4110 3235 4176 defendere

576 4217 784 4300 quella
828 4225 1008 4302 parte
1054 4216 1134 4281 de
1180 4217 1514 4302 l’Ungaria
1559 4218 1677 4283 che
1725 4217 1857 4283 Sua
1903 4218 2156 4283 Maesta
2212 4216 2540 4304 possiede3
2596 4241 2702 4282 ma
2760 4218 2879 4282 che
2935 4240 3051 4304 per
3092 4216 3232 4282 fare

574 4331 798 4408 questo
845 4324 1181 4389 havevano
1227 4332 1469 4389 tassato
1537 4325 1817 4390 anchora
1877 4326 1923 4389 il
1981 4326 2183 4405 clero,
2250 4323 2519 4389 essendo
2587 4346 2739 4390 cosa
2806 4325 2959 4389 utile
3026 4346 3140 4410 per
3183 4325 3319 4389 i135

575 4430 881 4496 beneficio
925 4430 1183 4517 publico
1230 4440 1294 4496 et
1340 4434 1698 4497 necessaria
1742 4455 1859 4518 per
1900 4432 1964 4496 10
2009 4435 2315 4497 interesse
2360 4433 2524 4511 lor0,
2571 4441 2635 4497 et
2680 4432 2800 4497 che
2846 4453 2962 4518 per
3004 4440 3231 4518 questo

716 4627 758 4692 ¹)
793 4627 905 4683 Die
941 4628 1121 4696 Ziffer
1167 4628 1239 4682 ist
1286 4628 1638 4697 undeutlich;
1684 4629 2033 4685 beantwortet
2068 4629 2255 4684 warde
2291 4629 2392 4684 der
2429 4627 2602 4694 Bricf
2627 4645 2721 4683 am
2757 4633 2824 4684 11
2856 4629 3043 4697 Mein,
3084 4644 3129 4682 ε.
3170 4646 3229 4682 ιι,

570 4731 659 4771 m.
694 4717 784 4768 28.
