3500 5300
572 276 682 338 246
1522 277 1622 333 No.
1663 278 1759 332 75:
1799 278 1941 333 1538
1973 277 2174 332 Januar
2208 277 2296 332 23.

382 479 522 531 1538
575 475 823 540 inviaro
881 473 944 538 13
1002 475 1274 561 risposta
1332 474 1398 539 di
1458 473 1667 562 quella
1710 473 1976 539 Maesta.
2067 471 2299 537 mando
2358 470 2636 537 anchora
2696 494 2737 536 a
2781 471 2858 537 V.
2905 470 2969 537 S.
3017 469 3248 536 alcnne

321 549 453 604 J‘m‘
480 552 559 604 23
574 581 791 647 lettere
848 581 929 646 de
975 580 1256 647 Joannes
1302 581 1524 646 Haner
1584 581 1810 645 dirette
1877 603 1917 644 a
1964 579 2162 645 Nosto
2216 580 2516 665 Signore,
2574 576 2760 666 quale
2816 600 2955 643 esso
3012 579 3106 642 mi
3165 577 3248 642 ha

574 687 1130 754 raccommandato
1165 710 1342 752 come
1373 688 1438 752 di
1470 686 1667 752 molta
1712 689 2108 774 importanza
2148 685 2316 751 nella
2345 688 2611 750 materia
2641 683 2808 750 della
2837 683 3146 770 religione
3177 689 3244 766 ¹).

573 795 616 860 il
665 796 911 860 dottore
956 793 1185 860 Cocleo
1231 795 1512 860 anchora
1540 817 1679 859 esso
1726 795 1814 858 mi
1861 793 1945 858 ha
1988 793 2340 879 significato
2389 791 2615 857 alcune
2656 814 2817 875 cose,
2864 790 3027 856 delle
3059 789 3247 877 quale

574 924 693 967 con
741 900 799 966 le
845 924 957 966 sue
1002 903 1255 988 proprie
1313 900 1530 966 lettere
1590 903 1675 965 mi
1722 903 1759 965 e
1805 921 1993 987 parso
2039 900 2237 965 darne
2292 900 2516 964 notitia
2561 922 2601 963 a
2646 898 2724 963 V.
2771 898 2868 982 S.,
2930 907 3244 986 quantun·
3293 904 3324 956 5

576 1031 698 1095 que
757 1031 909 1095 pare
970 1007 1084 1073 che
1146 1010 1350 1095 questi
1408 1009 1645 1072 rumori
1706 1006 1810 1072 del
1870 1006 2063 1094 vulgo
2120 1029 2249 1071 non
2307 1007 2486 1070 siano
2539 1005 2897 1071 d'estimare
2943 1004 3139 1070 molto
3169 1007 3240 1090 ²).

579 1122 818 1202 quanto
864 1113 925 1179 al
955 1116 1332 1202 impressore
1378 1114 1443 1179 di
1490 1112 1654 1197 libri,
1700 1113 1803 1178 del
1837 1114 2021 1200 quale
2067 1135 2208 1178 esso
2239 1111 2472 1179 Cocleo
2518 1114 2742 1195 scrive,
2788 1113 2857 1177 fu
2903 1112 3243 1178 racordato

577 1222 733 1286 altre
778 1221 947 1286 volte
991 1219 1374 1286 avantich'io
1421 1222 1675 1308 partissi
1720 1219 1972 1288 d'Italia
2018 1220 2101 1284 da
2145 1221 2512 1306 monsignor
2555 1219 2622 1284 di
2666 1219 2917 1285 Vienna
2944 1222 3020 1305 ³),
3067 1241 3244 1283 come

578 1326 622 1392 il
668 1330 884 1413 signor
928 1328 1335 1393 arcivescovo
1384 1327 1779 1392 Brondosino
1825 1328 1862 1392 ὸ
1907 1326 2032 1392 ben
2079 1326 2416 1391 informato
2425 1376 2444 1410 ,
2491 1333 2555 1392 et
2599 1326 2944 1392 venendosi
2988 1325 3051 1390 al
3099 1348 3243 1390 con·

579 1434 722 1499 cilio
771 1435 961 1500 credo
1008 1437 1149 1499 sera
1193 1433 1354 1498 bene
1400 1434 1633 1499 havere
1679 1456 1953 1521 persona
2000 1433 2199 1499 fidata
2243 1436 2307 1498 in
2341 1441 2561 1522 queste
2605 1441 2805 1521 parte,
2851 1431 3042 1520 quale
3073 1431 3243 1496 fidel·
3265 1442 3323 1493 10

579 1549 788 1606 mente
834 1543 1002 1628 possi
1049 1543 1410 1628 imprimere
1454 1539 1497 1605 li
1544 1541 1782 1606 decreti
1830 1542 1932 1606 del
1979 1542 2246 1606 concilio
2290 1563 2332 1606 a
2377 1538 2684 1606 beneficio
2732 1541 2799 1605 di
2837 1548 3063 1628 questa
3106 1561 3244 1625 pro-

580 1649 797 1712 vincia
841 1655 904 1712 et
948 1647 1027 1713 de
1086 1656 1249 1713 tutta
1307 1648 1371 1713 la
1431 1646 1747 1733 religione.
1844 1655 1908 1712 et
1950 1650 2014 1712 in
2075 1648 2202 1712 tale
2261 1670 2411 1713 caso
2472 1655 2691 1735 questo
2754 1645 3025 1712 sarebbe
3083 1647 3244 1711 assai

580 1754 804 1820 idoneo
848 1778 964 1841 per
1009 1753 1071 1820 la
1116 1754 1469 1821 litteratura
1515 1762 1579 1818 et
1624 1754 2002 1819 sufficientia
2047 1777 2163 1819 sua
2192 1762 2254 1819 et
2305 1753 2467 1820 bella
2511 1756 2716 1819 forma
2744 1754 2812 1819 di
2856 1754 3097 1836 lettere,
3144 1775 3247 1817 ma

580 1862 939 1948 bisogneria
985 1861 1386 1927 intertenerlo
1446 1871 1507 1926 et
1565 1861 1916 1944 adiutar103
1976 1884 2135 1948 pure
2193 1868 2355 1926 tutto
2415 1863 2509 1925 sia
2552 1862 2712 1926 ditto
2757 1883 2873 1946 per
2915 1860 3142 1925 adviso
3187 1869 3246 1924 et

582 1970 843 2034 remisso
889 1967 1015 2032 3113
1060 1967 1322 2033 volunta
1366 1968 1433 2032 di
1479 1969 1610 2033 Sua
1656 1969 2074 2034 Beatitudine.
3269 1975 3325 2028 15

761 2075 984 2156 Questi
1043 2076 1315 2161 principi
1390 2083 1452 2140 et
1526 2074 1759 2140 dottori
1827 2075 2142 2140 lutherani
2200 2075 2245 2139 il
2312 2075 2536 2161 giorno
2607 2074 2773 2141 della
2839 2075 3244 2139 conversione

326 2186 454 2270 «Ῑαητ
492 2188 564 2237 25
581 2181 648 2246 di
717 2204 831 2245 san
898 2180 1097 2246 Paulo
1156 2183 1208 2246 si
1269 2190 1610 2247 troverano
1684 2183 1944 2246 insieme
2011 2205 2138 2247 non
2199 2183 2328 2247 scio
2390 2180 2436 2245 il
2492 2181 2631 2247 loco
2687 2183 2769 2245 ne
2828 2180 2895 2245 la
2953 2203 3149 2246 causa
3171 2179 3245 2268 ⁴),

582 2310 691 2352 ma
747 2287 936 2352 credo
995 2310 1236 2352 vorano
1295 2287 1429 2353 fare
1488 2288 1532 2352 il
1590 2287 1854 2353 concilio
1914 2290 2134 2354 avanti
2191 2288 2324 2354 Sua
2381 2289 2630 2355 Santita
2687 2296 2750 2353 et
2808 2289 2960 2353 forsi
3022 2309 3243 2352 sarano

584 2402 757 2460 tanto
816 2396 1132 2460 temerarii
1193 2395 1309 2459 che
1371 2394 1666 2460 ardirano
1726 2396 1999 2460 invitare
2061 2394 2105 2459 li
2150 2396 2419 2482 principi
2464 2395 2545 2460 de
2591 2394 2940 2461 Germania
2997 2402 3063 2459 et
3117 2393 3247 2458 fare

584 2502 850 2590 qualche
936 2510 1067 2567 atto
1151 2524 1267 2566 con
1338 2502 1465 2567 mal
1536 2502 1848 2567 desiderio
1918 2501 2300 2567 d'offendere
2387 2501 2666 2567 l'honore
2756 2501 2826 2566 di
2894 2501 3027 2567 Sua
3091 2501 3242 2565 Bea-
3264 2511 3328 2562 20

586 2609 872 2676 titudine.
1615 2611 1624 2619 ’

542 2718 547 2723 ’
765 2715 864 2782 La
908 2738 1068 2802 pace
1116 2725 1214 2780 tra
1261 2717 1321 2781 13
1352 2715 1628 2782 Cesarea
1658 2716 1904 2782 Maesta
1947 2725 2010 2783 et
2054 2740 2122 2781 re
2168 2715 2450 2783 Ohfigtmo
2497 2718 2605 2804 qui
2651 2718 2704 2781 si
2748 2719 2917 2782 tiene
2961 2740 3075 2803 per
3103 2738 3244 2781 con—

588 2822 764 2888 clusa
808 2846 922 2909 per
967 2824 1009 2888 li
1056 2825 1217 2888 avisi
1265 2823 1381 2887 che
1427 2825 1477 2888 si
1523 2822 1736 2888 hanno
1797 2847 1911 2910 per
1954 2822 2017 2889 13
2069 2826 2177 2889 via
2223 2825 2292 2890 di
2335 2824 2622 2889 Fiandra
2664 2845 2779 2911 per
2825 2824 3045 2890 lettere
3086 2822 3246 2888 della

588 2930 772 2996 serm*
820 2932 1038 3016 regina
1100 2930 1165 2994 di
1213 2930 1467 2994 Franza
1526 2929 1651 2995 3113
1707 2932 1930 3017 regina
1983 2930 2206 2996 Maria.
2296 2932 2355 2996 le
2416 2954 2579 2996 nove
2636 2930 3029 3017 d’Hongeria
3086 2953 3245 2995 vano

593 3114 623 3120 -
660 3115 735 3119 ,1
3259 3046 3318 3098 25

740 3235 777 3298 ¹)
812 3233 977 3287 Diese
1014 3233 1207 3299 Briefe
1243 3234 1422 3303 lieqen
1458 3234 1615 3289 nicht
1649 3251 1761 3288 ror.

736 3324 778 3391 ²)
820 3323 941 3377 Das
978 3322 1358 3388 ausfiae‘hrliche
1396 3323 1685 3377 Schreiben
1722 3324 1816 3377 des
1836 3323 2152 3390 Cochlaeus,
2188 3339 2310 3377 vom
2347 3326 2419 3376 12
2435 3323 2661 3377 Jamar
2697 3326 2840 3377 1538
2877 3339 2985 3377 aus
3013 3318 3245 3391 Maflm,

587 3412 825 3483 ycdmke
860 3413 952 3466 ich
988 3431 1067 3465 an
1105 3413 1276 3466 ciuem
1312 3411 1557 3466 anderen
1597 3411 1725 3467 Orte
1761 3429 1833 3466 zu
1869 3410 2330 3477 veroffentlichen.
3443 3456 3444 3481 ἒ

738 3498 791 3569 ⁸)'
823 3500 1049 3556 Summa
1084 3502 1250 3554 etiam
1288 3501 1394 3555 erit
1431 3500 1731 3554 necessitas
1785 3509 1848 3554 ut
1883 3500 2002 3556 Sua
2039 3499 2320 3555 Sanctitas
2368 3500 2617 3571 proprios
2651 3498 2920 3555 librorum
2969 3518 3247 3557 excusares
3442 3484 3444 3539 ⁴

595 3588 854 3643 Mantuae
891 3588 1123 3643 habeat:
1163 3589 1340 3642 Fabri
1374 3589 1823 3657 Praeparatofia
1867 3589 2200 3643 universalis
2248 3589 2471 3643 som-au
2507 3593 2619 3642 art.
2639 3592 2711 3641 53
2747 3589 2905 3655 (aber
2945 3588 3312 3644 coemam&
3437 3566 3442 3671 1

595 3679 900 3747 Anrcyuny
937 3679 999 3732 in
1037 3678 1311 3732 der-selben
1347 3678 1521 3731 Sache
1556 3695 1596 3731 s.
1635 3678 1770 3731 oben
1807 3694 1889 3730 nr.
1911 3680 2022 3743 44).
2051 3705 2113 3714 —
2139 3677 2263 3731 Far
2299 3676 2485 3731 Fabri
2520 3676 2835 3731 veo-wanda
2871 3678 2991 3732 sich
3031 3680 3249 3733 Mon-oue
3437 3704 3440 3801 1

596 3783 685 3819 am
725 3769 792 3818 15
811 3766 1041 3820 Januar
1076 3767 1211 3832 anss
1246 3783 1385 3820 neue
1422 3767 1505 3820 bei
1543 3766 1664 3819 dem
1694 3766 1933 3833 Papste:
1970 3766 2361 3835 Quantunque,
2396 3766 2630 3820 schreibt
2666 3782 2740 3833 er,
2777 3766 3032 3821 havendo
3068 3768 3249 3822 scritto

595 3855 649 3908 al
686 3854 820 3908 Rev.
860 3856 1272 3925 prothonotario
1309 3855 1605 3909 Ambrosio
1640 3855 1717 3920 (d.
1754 3856 1793 3908 i.
1835 3855 2311 3924 auycnscheinlich
2361 3855 2426 3907 in
2474 3855 2649 3909 ciuem
2694 3856 3012 3911 veriorenen
3048 3856 3247 3911 δῶκά·

597 3945 700 3996 ben
734 3960 849 3995 vom
881 3945 1127 4011 yleichen
1168 3944 1336 4013 Taya)
1374 3962 1472 4014 per
1507 3945 1546 3998 il
1584 3944 1717 3998 Rev.
1759 3961 1989 3998 vescovo
2025 3944 2082 3997 di
2122 3943 2336 3998 Vienna
2372 3939 2510 4013 path
2546 3942 2824 4015 superfluo
2861 3946 3011 4001 ch'io
3047 3946 3248 4001 molesti

601 4031 802 4086 Vestra
839 4029 1074 4100 Santith,
1114 4034 1440 4087 nondimeno
1478 4051 1575 4087 son
1615 4040 1762 4088 stato
1810 4040 2116 4088 constretto
2165 4033 2524 4087 humiltnente
2568 4033 2886 4103 supplicare
2920 4051 2960 4088 a
2995 4035 3180 4105 quella
3211 4033 3312 4088 ⁸535

598 4122 761 4191 degni
800 4139 900 4191 per
935 4138 1036 4175 sua
1073 4122 1263 4175 innata
1300 4122 1594 4176 clementia
1630 4123 1831 4176 havere
1867 4139 1967 4193 per
2002 4122 2482 4177 raccommandato
2531 4122 2582 4175 el
2633 4121 2888 4191 predetto
2938 4140 3171 4178 vescovo
3203 4125 3251 4177 in

598 4210 654 4264 la
688 4211 953 4280 petitione
990 4210 1135 4264 della
1170 4211 1520 4280 prepositura
1565 4212 1619 4265 di
1659 4210 1899 4278 Basilia,
1955 4228 2054 4281 per
2109 4212 2163 4264 la
2216 4212 2379 4281 quale
2435 4218 2631 4282 questo
2668 4209 2838 4266 Ser⁸⁰
2875 4228 2938 4265 re
2973 4220 3033 4267 et
3069 4214 3110 4267 il
3144 4213 3251 4266 R·-

600 4299 922 4353 Tridentino
960 4316 1027 4352 ne
1064 4300 1312 4353 scriveno
1349 4317 1384 4353 a
1423 4300 1624 4354 Vostra
1661 4297 1897 4355 Santith.
1973 4300 2199 4366 Parma,
2237 4299 2536 4370 Carteggio
2573 4299 2797 4355 Parnes.
2843 4299 2996 4371 Θήῃ.

741 4387 788 4458 ⁴)
826 4388 1000 4442 Nic-ht
1035 4406 1157 4443 zum
1191 4392 1261 4441 25
1293 4390 1533 4455 «Ῑαηιιαν,
1571 4389 1814 4443 sondern
1861 4395 1972 4443 erst
2007 4407 2132 4443 zum
2166 4393 2238 4441 24
2273 4389 2437 4443 Mc'irz
2471 4406 2592 4443 war
2626 4389 2847 4444 damula
2882 4391 2977 4445 ein
3015 4392 3250 4446 Bundoe-

600 4483 694 4547 tay
751 4477 848 4530 der
901 4478 1380 4531 Schmalkaldener
1428 4507 1483 4514 ——
1533 4480 1677 4532 nach
1724 4479 2155 4547 Braunsclzweiy
2207 4508 2272 4517 —
2324 4479 2774 4547 ausyeachrieben
2825 4481 3074 4535 worden.
3153 4480 3309 4549 Vbi-4⁴³

598 4572 771 4618 auten
806 4583 889 4619 nr.
928 4570 1001 4617 83
1056 4567 1175 4619 und
1213 4570 1286 4619 84
1341 4567 1462 4620 und
1519 4567 1935 4621 Winckelmann
1981 4564 2321 4636 Strassburqs
2375 4568 2530 4635 polit.
2589 4567 2743 4622 Gerr.
2795 4568 2907 4624 Ba.
2957 4570 3036 4623 Π
3066 4570 3122 4625 S.
3155 4572 3248 4621 467

601 4671 686 4707 nr.
726 4657 864 4719 48⁸9,-
899 4656 954 4708 S.
995 4654 1169 4717 471ff.
1207 4672 1323 4708 nrr.
1363 4657 1537 4721 494111
