3500 5300
1201 341 1299 396 No.
1347 344 1468 397 124:
1511 345 1648 399 1535
1682 344 1883 398 Januar
1918 345 2005 400 27.
2839 345 2946 407 827

455 535 535 598 In
579 537 844 620 negocio
894 534 1145 601 concilii
1190 536 1354 602 hanc
1392 537 1833 603 resolutionem
1881 542 2131 627 accepi:
2180 542 2350 628 quod
2396 541 2548 608 velit
2580 551 2748 608 certe
2785 542 2940 608 illud

264 644 399 706 cito
449 642 757 725 indicere,
804 651 867 707 et
911 643 1236 709 descendit
1279 645 1467 709 etiam
1515 645 1985 731 particulariter
2040 647 2123 712 ad
2181 648 2518 713 dicendum
2567 673 2815 715 mecum
2862 651 2942 716 de

261 747 413 814 loco
462 751 528 813 in
574 772 700 836 quo
750 757 1007 838 cuperet
1061 751 1229 838 quod
1287 750 1733 835 celebraretur,
1797 762 1861 818 et
1905 756 2177 841 quesivit
2222 778 2261 819 a
2305 777 2407 819 me
2453 756 2602 843 quid
2653 757 2807 822 mihi
2853 760 2943 823 vi-

263 856 504 921 deatur
547 857 627 920 de
674 858 929 922 civitate
975 857 1266 923 Veronae
1314 867 1424 923 aut
1469 859 1549 923 de
1595 860 1881 925 Thurino
1912 860 1981 949 ¹).
2072 883 2190 946 ego
2237 885 2387 927 vero
2434 864 2730 950 respondi
2776 866 2945 952 quod

208 969 243 1021 5
264 962 493 1028 multis
537 964 617 1027 de
665 966 871 1029 causis
914 964 1135 1030 melior
1180 966 1449 1031 Mantua
1495 975 1658 1031 esset
1703 966 1918 1031 futura
1932 1017 1951 1051 ‚
2023 968 2132 1033 sed
2202 970 2371 1056 quod
2440 969 2520 1034 de
2574 972 2713 1057 ipsa
2758 974 2946 1036 etiam

262 1070 545 1134 Mantua
589 1081 684 1136 est
727 1093 1031 1156 magnum
1078 1070 1346 1138 dubium
1391 1097 1473 1138 an
1522 1073 1826 1139 Germani
1871 1073 2067 1139 velint
2111 1077 2478 1141 consentire.
2526 1085 2590 1142 et
2635 1085 2945 1165 quantum

264 1177 351 1241 ad
402 1177 526 1242 hoe
572 1177 908 1243 concilium
957 1179 1319 1244 faciendum
1366 1181 1501 1245 dixi
1549 1189 1716 1245 certe
1775 1179 1975 1246 multa
2022 1182 2189 1247 Suae
2236 1182 2571 1248 Sanctitati
2635 1192 2699 1249 et
2756 1186 2945 1250 credo

261 1284 447 1370 quod
497 1287 946 1350 commoverim
990 1285 1389 1373 aliquantum
1435 1288 1718 1351 animum
1770 1311 1973 1372 suum,
2018 1291 2297 1355 maxime
2343 1291 2663 1356 narrando
2710 1292 2945 1357 incom-

261 1391 463 1456 moda
507 1398 569 1456 et
613 1391 894 1478 pericula
939 1416 1101 1480 quae
1144 1395 1478 1459 imminent
1524 1396 1576 1459 si
1623 1418 1749 1460 non
1781 1394 1893 1460 fiat
1939 1397 2079 1461 cito.
2171 1404 2235 1462 et
2282 1399 2539 1463 cottidie
2584 1400 2789 1484 magis
2833 1400 2943 1464 ad·

180 1498 394 1564 lohuc
442 1497 1011 1586 sollicitabovistud
1056 1502 1261 1587 ipsum
1320 1509 1448 1566 tam
1509 1502 1683 1588 apud
1730 1502 2092 1588 pontificem
2153 1526 2344 1591 quam
2408 1505 2579 1591 apud
2637 1506 2943 1591 primores

262 1604 653 1689 cardinales,
701 1630 1100 1694 quamquam·
1132 1631 1298 1672 unus
1343 1632 1427 1673 ex
1473 1608 2025 1695 principalioribus
2070 1611 2226 1674 mihi
2270 1612 2696 1697 responderit,
2744 1636 2941 1700 quum

261 1714 573 1778 dixissem
635 1736 753 1799 ego
812 1715 982 1801 quod
1038 1717 1376 1800 negocium
1432 1715 1581 1781 fidei
1640 1716 1852 1782 stabat
1905 1718 1973 1780 in
2032 1716 2213 1781 malis
2271 1719 2582 1783 terminis:
2627 1720 2769 1802 „sic
2827 1743 2942 1786 nos

260 1820 540 1885 Romani
587 1827 898 1906 optamus,
945 1823 1095 1909 quia
1139 1823 1457 1908 principes
1489 1847 1527 1887 a
1574 1824 1884 1910 principio
1931 1823 2361 1909 neglexerunt.
2430 1825 2620 1890 modo
2668 1824 2944 1892 habeant

262 1926 424 2013 quid
472 1925 860 1993 voluerint“.
958 1936 1023 1993 et
1067 1928 1397 2016 replicanti
1442 1929 1629 1994 mihi:
1688 1932 1916 2013 „sicne
1962 1929 2279 2017 negligitis
2329 1933 2653 2018 jacturam
2701 1935 2941 1998 anima-

180 2033 521 2098 15rum‘?“
614 2033 897 2100 subdidit
941 2034 1074 2100 ille:
1120 2059 1299 2118 „non
1331 2035 1727 2123 negligimuS‚
1777 2037 1887 2102 sed
1917 2038 2279 2103 reformatio
2324 2038 2433 2104 fiet
2478 2040 2731 2126 quando
2763 2043 2939 2127 prius

264 2163 349 2206 ex
397 2148 529 2206 toto
575 2143 789 2206 omnia
834 2165 996 2229 quae
1055 2142 1297 2230 reliqua
1352 2151 1500 2208 sunt
1558 2144 1794 2208 fuerint
1851 2142 2130 2231 collapsa
2145 2148 2198 2207 “.
2291 2145 2394 2210 hic
2440 2169 2541 2211 me
2588 2170 2713 2212 non
2761 2151 2936 2234 potui

266 2249 594 2313 continere
639 2251 793 2335 quin
824 2249 1131 2336 dicerem:
1177 2299 1215 2333 ,‚
1232 2257 1299 2315 at
1342 2252 1557 2316 timete
1596 2273 1864 2338 corpora
1895 2251 2382 2336 Germanorum,
2430 2255 2480 2317 si
2528 2277 2653 2318 non
2703 2257 2939 2321 curatis

266 2356 515 2419 animos
583 2377 818 2421 eorum.
935 2358 1189 2421 nescitis
1259 2358 1427 2421 enim
1487 2357 1728 2422 domini
1797 2359 1862 2422 in
1931 2382 2058 2446 qua
2123 2360 2557 2445 indignatione
2616 2362 2742 2426 sint
2807 2363 2938 2428 fere

265 2483 489 2527 omnes
542 2463 731 2528 modo
791 2462 883 2527 illi
943 2463 1283 2529 adversum
1343 2486 1458 2529 vos
1525 2471 1587 2530 et
1632 2487 1824 2551 quam
1874 2466 2000 2530 sint
2045 2473 2329 2553 potentes
2344 2470 2381 2504 “
2449 2477 2511 2532 et
2555 2469 2622 2532 in
2668 2491 2935 2554 summa,

180 2570 456 2635 mserum
500 2593 651 2654 rex,
700 2572 801 2635 isti
848 2572 1063 2659 magni
1108 2571 1347 2636 domini
1404 2572 1494 2635 ita
1553 2580 1701 2636 sunt
1761 2575 2053 2660 occupati
2096 2575 2164 2637 in
2209 2573 2450 2638 deliciis
2495 2597 2712 2640 eorum
2760 2586 2823 2641 et
2867 2579 2935 2641 in

265 2677 721 2744 ambitionibus
767 2686 836 2743 ut
882 2677 1039 2743 nihil
1084 2680 1287 2744 sciant
1339 2701 1555 2744 eorum
1605 2703 1770 2767 quae
1814 2681 1972 2745 fiant
2014 2682 2081 2744 in
2129 2680 2472 2747 Germania
2517 2682 2628 2748 illa
2672 2692 2932 2770 remota,

262 2793 325 2849 et
370 2787 461 2850 ita
505 2794 600 2850 est
644 2784 864 2872 procul
911 2785 1123 2851 dubio.

442 2893 588 2957 Non
637 2892 836 2957 debeo
897 2891 1055 2958 haec
1120 2894 1613 2980 pretermittere:
1686 2895 1957 2981 quesivit
2018 2917 2059 2959 a
2103 2918 2204 2960 me
2271 2897 2558 2982 pontifex
2603 2898 2656 2961 si
2703 2897 2934 2963 Vestra

3019 549 3160 600 1535

2958 617 3090 673 Jan.
3128 621 3203 672 27

264 2999 572 3087 Majestas
640 3000 913 3065 ostendit
983 3022 1049 3065 se
1117 2999 1281 3065 bene
1341 3007 1700 3065 contentam
1748 3002 1828 3064 de
1873 3001 2199 3067 ellectione
2245 3025 2360 3066 sua
2405 3011 2468 3068 et
2512 3004 2564 3067 si
2610 3005 2964 3070 crederem,

179 3113 246 3167 25
263 3108 433 3194 quod
503 3108 753 3171 animus
798 3107 1063 3172 Vestrae
1116 3107 1353 3193 Regiae
1398 3108 1749 3195 Majestatis
1819 3107 2003 3173 facile
2069 3108 2430 3194 placaretur
2496 3133 2649 3196 erga
2714 3134 2928 3198 regem

263 3213 611 3280 Gallorum.
688 3215 962 3301 quesivit
1005 3215 1193 3279 etiam
1242 3213 1335 3302 (et
1378 3216 1492 3279 vix
1538 3238 1794 3302 possum
1841 3216 2120 3281 indicare
2166 3216 2355 3281 modo
2403 3216 2677 3304 aliquem
2708 3219 2928 3307 finem)

263 3323 313 3385 si
359 3322 561 3387 Sacra
605 3320 907 3407 Majestas
951 3321 1185 3386 Vestra
1252 3320 1444 3386 habet
1511 3322 1906 3387 affectionem
1976 3321 2078 3387 vel
2141 3346 2266 3388 non
2330 3323 2412 3388 ad
2470 3324 2928 3412 rempublicam

260 3572 403 3626 oltra
436 3568 699 3626 n'havera
735 3571 931 3626 merito
967 3571 1040 3626 da
1073 3571 1213 3639 Dio,
1265 3570 1378 3626 Sua
1414 3571 1769 3626 Beatitudine
1805 3572 1859 3625 vi
1897 3589 1965 3626 ne
2017 3570 2142 3627 sera
2177 3574 2509 3644 gratissima.
2582 3575 2749 3630 Arch.
2799 3576 2924 3631 Vat.

262 3660 435 3716 Nunz.
478 3661 535 3715 di
564 3660 819 3715 Svizzera
845 3658 969 3715 Vol.
998 3659 1026 3713 I
1055 3659 1148 3715 fol.
1179 3660 1322 3714 134⁸
1352 3660 1608 3729 Concept,
1648 3662 1786 3716 ohne
1813 3660 2048 3716 Adresse
2079 3661 2323 3731 (Am-ede
2352 3662 2582 3734 Signore
2611 3664 2925 3736 Geronimo,

182 3744 547 3816 302weit‘ellos
582 3750 654 3803 ist
688 3749 935 3806 Roranlo
966 3750 1235 3819 yemeint).

405 3839 449 3908 ¹)
487 3838 600 3893 Die
636 3839 921 3909 Nennuny
964 3838 1174 3893 Turius
1207 3855 1327 3894 war
1363 3838 1453 3893 ein
1480 3839 1894 3908 Zuyestc'indnis
1927 3856 2094 3910 yeyen
2117 3840 2477 3909 Frankreich,
2514 3842 2616 3897 wie
2653 3843 2802 3897 donn
2829 3843 2925 3899 der

263 3928 503 3994 Bischos
527 3945 635 3983 von
670 3929 912 3995 Fama,
952 3928 1050 3983 der
1084 3945 1189 3984 von
1226 3929 1377 3983 Paul
1411 3929 1523 3982 111
1561 3930 1708 3982 nach
1743 3929 1805 3982 F
1799 3929 2090 3984 rankreich
2138 3930 2405 3999 yesandte
2453 3930 2708 3987 Nuntius
2756 3933 2923 3999 (Ein-

264 4017 541 4088 leitunys'.
559 4021 639 4072 22
659 4019 819 4072 Aum.
840 4021 899 4087 3)
934 4018 1081 4073 uach
1106 4018 1288 4072 seiner
1316 4023 1495 4073 ersten
1525 4016 1912 4087 Unterreduny
1949 4019 2052 4072 mit
2085 4019 2158 4072 K.
2180 4019 2368 4073 Franz
2405 4021 2709 4088 berichtete,
2749 4022 2925 4077 dieser
3007 4031 3014 4037 ·

262 4108 403 4162 haue
444 4107 627 4161 Turin
662 4108 746 4161 als
785 4105 887 4162 Ort
924 4108 1017 4162 des
1056 4106 1273 4162 Goncils
1309 4106 1405 4172 fi'br
1439 4108 1561 4162 sehr
1593 4108 1837 4177 yeeiynet
1872 4108 1996 4161 und
2031 4109 2216 4163 macho
2252 4110 2394 4176 sich,
2440 4109 2575 4175 falls
2611 4109 2707 4164 der
2742 4110 2923 4180 Papst

183 4188 244 4241 35
266 4196 441 4250 Tuo-iu
477 4196 791 4265 acceptiere,
830 4196 1146 4265 anheischiy
1182 4197 1330 4250 auch
1366 4196 1748 4250 Deutschlcmd
1786 4196 1960 4262 dasilo·
2008 4214 2080 4252 zu
2121 4198 2408 4265 ,qewinnen
2457 4199 2539 4268 (et
2574 4199 2676 4254 che
2714 4216 2772 4253 se
2810 4199 2924 4254 Sua

262 4283 481 4341 Santita
516 4285 705 4339 iudica
739 4282 872 4353 cosi,
909 4286 947 4339 li
985 4283 1059 4340 da
1095 4285 1317 4340 l’animo
1367 4285 1424 4338 di
1474 4285 1590 4339 fare
1639 4286 1741 4340 che
1787 4285 1843 4339 la
1879 4285 2177 4340 Germania
2212 4287 2530 4342 dimandera
2578 4287 2918 4358 specificata-

262 4382 438 4430 mente
478 4375 607 4445 quel
644 4372 852 4445 luogo).
915 4373 1007 4428 Da
1041 4391 1141 4428 san
1177 4373 1455 4429 Germano
1491 4391 1525 4428 a
1561 4374 1600 4428 li
1639 4376 1707 4428 19
1744 4374 1802 4428 di
1827 4373 1967 4428 febr.
2003 4375 2154 4429 1535.
2191 4376 2351 4443 Rom,
2382 4375 2547 4431 Arch.
2589 4376 2708 4432 Vat.
2746 4377 2917 4433 Nunt.

260 4462 401 4517 Gall.
440 4462 548 4518 sub
585 4463 763 4518 Paulo
800 4463 886 4517 111
923 4462 1048 4518 Vol.
1087 4463 1115 4517 1
1152 4462 1245 4518 fol.
1285 4465 1354 4518 96
1395 4463 1545 4532 Oriy.
1582 4462 1909 4532 (Decifrat.)
1978 4464 2144 4519 Nach
2180 4464 2479 4520 demselben
2505 4467 2733 4521 Bericht
2767 4472 2919 4536 sayte

261 4552 449 4607 Fran-e
480 4553 641 4620 noch,
681 4569 737 4607 es
772 4552 948 4607 werde
981 4559 1087 4622 yut
1121 4554 1257 4621 sein,
1295 4554 1388 4607 che
1424 4568 1478 4607 es
1512 4569 1634 4607 zum
1672 4554 1865 4608 Concil
1900 4554 2118 4621 komme,
2156 4554 2249 4608 die
2288 4555 2579 4610 Mehrzahl
2615 4556 2714 4609 der
2741 4556 2916 4609 Deut-

185 4631 417 4697 wadum
449 4658 521 4695 zu
556 4642 710 4696 einer
744 4641 1119 4698 Deklaration
1163 4660 1234 4697 zu
1280 4642 1536 4711 brimeu,
1584 4642 1818 4709 woraut‘
1857 4642 1956 4696 der
1990 4643 2180 4711 Koniy
2229 4644 2423 4698 bereits
2461 4643 2640 4713 Papst
2677 4644 2916 4700 Clemens

260 4747 326 4787 zu
365 4731 624 4799 Gefallen
660 4730 838 4786 durch
872 4731 1018 4787 scine
1053 4731 1300 4786 ministri
1335 4731 1471 4787 habe
1499 4731 1564 4785 in
1598 4731 1981 4787 Deutschland
2016 4732 2365 4789 hinov-teitan
2402 4733 2593 4788 lassen.
