3500 5300
602 354 710 416 286
1593 359 1693 413 No,
1730 361 1826 414 91:
1865 359 2004 415 1538
2041 360 2146 414 Mai
2186 361 2268 414 10.

392 558 534 638 15ᾅ8
610 555 778 619 Heer
807 554 1136 636 auf-stellein
1180 577 1261 619 zu
1290 556 1551 632 loannem,
1596 556 1845 621 welches
1874 556 2209 640 allerdinys
2251 558 2424 620 nicht
2461 563 2734 640 yenie'qen
2764 558 2941 635 wird,
2988 580 3099 622 um
3143 559 3266 623 den

346 628 475 681 Mm
516 631 589 681 ¹⁰
616 662 867 726 Tiirken
908 663 1242 745 yeyeniiber
1295 664 1411 726 das
1454 661 1614 728 Feld
1654 685 1737 729 zu-
1782 664 2137 745 behaupten.
2233 664 2561 746 Auleyuny
2614 686 2731 729 von
2775 664 3268 747 Befestiyunyen

606 770 676 832 in
733 771 851 833 den
911 769 1354 834 Friaulischen
1415 769 1659 834 Pc‘issen
1716 771 1835 834 den
1906 772 2320 837 Venetianem
2375 792 2494 836 von
2553 772 2638 836 K.
2689 772 3063 836 Fer-dinami
3110 795 3270 855 yem

602 877 1030 958 zuyestanden.
1142 877 1496 959 Spammny
1552 877 1680 958 auf
1724 878 1844 941 den
1917 877 2182 959 Ver-lauf
2227 878 2338 942 der
2395 877 2669 943 Nizzaer
2727 878 3120 962 Raraunum
3179 881 3266 944 K.

603 983 980 1047 Ferdinand
1035 984 1315 1047 wiinscht
1372 983 1598 1065 lebhafi‘
1654 984 1776 1049 den
1830 984 2128 1062 walen,
2199 986 2284 1048 ist
2340 986 2682 1049 ver-stimme
2749 986 2898 1051 iiber
2969 987 3070 1051 die
3128 987 3268 1051 dem
3317 998 3350 1050 5

603 1089 835 1171 Pap-ste
879 1093 950 1154 in
996 1091 1202 1155 Nina
1248 1092 1568 1155 bereiteten
1613 1090 2164 1174 Schwimqkeiten.
2257 1094 2421 1157 1538
2466 1093 2616 1157 Mai
2663 1096 2744 1156 10
2791 1093 2976 1176 Praq.

747 1237 868 1290 Ans
905 1235 1131 1305 Neapel,
1194 1234 1424 1290 Grande
1479 1235 1745 1290 Archivio
1800 1233 1965 1290 Can-tc
2020 1234 2353 1289 Famesiane
2408 1234 2566 1290 Fasc.
2627 1237 2731 1290 730
2771 1236 2957 1306 Oriq.,·
3010 1236 3074 1289 in
3113 1254 3268 1291 verso

816 1323 1087 1378 Ricevuta
1123 1324 1209 1378 del
1246 1324 1423 1394 primo
1460 1323 1514 1377 di
1552 1324 1761 1395 giugno
1801 1325 1854 1376 in
1892 1323 2059 1388 Niza;
2090 1341 2411 1395 responsum
2447 1324 2481 1378 5
2513 1326 2671 1395 junii.

783 1447 909 1512 Alli
939 1451 1142 1535 giomi
1174 1450 1410 1536 passati
1442 1471 1601 1514 vene
1632 1451 1697 1513 in
1721 1448 2066 1514 Germania
2098 1472 2224 1514 uno
2254 1473 2487 1514 messer
2512 1448 2924 1515 Constantino
2949 1449 3266 1528 Davana,

605 1557 938 1621 secretario
986 1556 1148 1621 della
1193 1555 1519 1643 republica
1578 1557 1643 1620 di
1692 1556 1990 1639 Venetia,
2052 1556 2200 1644 qual
2264 1559 2332 1621 fu
2392 1579 2511 1622 con
2572 1556 2751 1621 l'Illmi
2799 1557 2968 1621 duca
3026 1558 3096 1622 di
3143 1558 3265 1622 Ba·
3287 1570 3346 1621 10

605 1687 757 1727 vera
790 1667 839 1748 ¹)
908 1673 971 1728 et
1015 1665 1284 1750 procuro
1330 1688 1370 1728 a
1415 1687 1598 1729 nome
1656 1663 1720 1728 di
1782 1663 1990 1751 quella
2035 1666 2326 1750 Signoria
2385 1665 2617 1729 havere
2664 1665 2840 1729 diece
2888 1663 3084 1728 millia
3131 1665 3264 1728 lan-

606 1770 869 1835 tzinechi
915 1795 1027 1858 per
1072 1770 1355 1836 condurli
1405 1774 1468 1835 in
1518 1769 1747 1854 Primi,
1809 1781 1872 1835 et
1917 1770 1960 1835 li
2007 1770 2275 1858 predetti
2336 1773 2570 1857 signori
2631 1782 3136 1859 promptamente
3195 1795 3265 1836 se

606 1901 758 1942 sono
805 1877 1067 1942 exhibiti
1113 1878 1274 1943 darli
1322 1880 1400 1942 ne
1446 1877 1605 1943 altro
1650 1887 1973 1965 espettano
2020 1877 2163 1960 ch'il
2209 1878 2463 1943 denam.

782 1984 1020 2065 Questo
1068 1987 1251 2051 Ser¹¹²⁰
1297 2009 1365 2050 re
1410 2008 1529 2051 con
1573 1985 1814 2070 grande
1857 1984 2205 2071 allegrezza
2256 1985 2340 2049 ha
2384 1988 2584 2051 inteso
2633 1984 2757 2050 tale
2803 2008 2990 2066 nova,
3037 2009 3265 2073 paren-

606 2091 733 2157 doli
778 2115 936 2178 pure
982 2091 1097 2157 che
1143 2091 1351 2179 quella
1397 2103 1617 2157 sancta
1675 2092 1817 2178 lega
1862 2094 2098 2157 reiesca
2144 2094 2208 2156 in
2268 2093 2519 2180 qualchi
2565 2093 2789 2174 effetti,
2849 2102 2910 2157 et
2971 2092 3054 2156 ha
3114 2093 3266 2159 dato
3289 2105 3351 2156 15

608 2200 827 2263 ordine
872 2199 988 2263 che
1034 2222 1153 2264 ove
1200 2198 1518 2264 haverano
1565 2222 1605 2264 a
1648 2222 1907 2286 passare
1964 2198 2009 2263 li
2069 2199 2414 2286 sopradetti
2461 2198 2686 2265 soldati
2731 2198 2879 2263 nelli
2925 2202 3019 2264 soi
3065 2203 3266 2286 paesi,

608 2308 701 2370 sia
745 2307 1024 2393 provisto
1071 2306 1150 2371 de
1197 2306 1526 2392 vittuaglie
1573 2315 1636 2371 et
1680 2308 1873 2393 ponti.

784 2412 1006 2493 Questi
1053 2415 1287 2498 signori
1334 2413 1595 2478 Bohemi
1643 2414 1898 2478 tandem
1946 2415 1998 2478 si
2061 2437 2210 2479 sono
2258 2412 2511 2479 resoluti
2571 2414 2724 2478 dare
2783 2412 3000 2478 adiuto
3045 2436 3088 2478 a
3133 2414 3266 2478 Sua

607 2520 869 2602 Maesta,
918 2519 1063 2607 qual
1110 2520 1335 2585 dicono
1384 2523 1523 2585 sera
1567 2519 1692 2585 alla
1737 2544 1984 2585 summa
2030 2521 2110 2585 de
2158 2531 2252 2585 tre
2298 2520 2493 2585 millia
2539 2519 2770 2585 cavalli
2814 2542 2970 2584 over
3014 2522 3080 2585 in
3125 2520 3264 2586 loco

608 2627 686 2693 de
732 2629 932 2715 questi
994 2628 1073 2693 de
1133 2652 1294 2694 nove
1349 2627 1543 2692 millia
1602 2628 1758 2693 fanti
1803 2629 2020 2715 pagati
2066 2652 2179 2715 per
2241 2638 2277 2695 5
2336 2630 2490 2693 mesi
2520 2628 2589 2716 ²).
2660 2636 2722 2692 et
2779 2627 2878 2691 fra
2925 2638 2962 2693 4
3022 2651 3175 2693 over
3224 2638 3348 2697 620

606 2737 810 2822 giorni
857 2738 1195 2821 partit-emo
1242 2736 1327 2799 da
1372 2737 1478 2823 qui
1525 2744 1587 2800 et
1633 2736 1764 2801 Sua
1808 2736 2054 2800 Maesta
2100 2736 2342 2800 andara
2386 2738 2449 2801 in
2498 2736 2808 2816 Saxonia,
2856 2757 2974 2800 ove
3020 2736 3056 2799 e
3102 2737 3262 2799 invi·

608 2852 738 2907 tato
786 2842 892 2906 dal
937 2843 1103 2907 duca
1147 2843 1457 2928 GeorgiO,
1517 2851 1580 2907 et
1624 2845 1973 2929 procurarit
2019 2842 2285 2930 qualche
2332 2843 2546 2907 adiuto
2594 2841 2700 2907 dal
2744 2841 3030 2928 pre-detto
3078 2843 3260 2907 duca.

609 2951 818 3037 doppo
865 2949 1108 3015 andara
1151 2952 1217 3014 in
1263 2949 1556 3029 Lusatia,
1605 2972 1722 3015 ove
1771 2950 1822 3013 si
1870 2951 1935 3013 fa
1981 2973 2108 3014 una
2153 2950 2340 3031 dieta,
2387 2960 2451 3014 et
2496 2949 2705 3035 doppo
2751 2946 2816 3012 in
2866 2947 3096 3030 Slesia‚
3142 2973 3262 3014 ove

609 3059 661 3121 si
706 3059 845 3121 fara
891 3056 1175 3139 un'altra,
1223 3064 1286 3121 et
1332 3055 1760 3121 ultimamente
1804 3058 1871 3120 in
1904 3056 2214 3139 Moravia‚
2261 3080 2379 3123 ove
2425 3058 2476 3120 si
2522 3057 2661 3120 fara
2707 3055 2749 3119 il
2797 3055 3154 3139 medesimo‚
3201 3068 3263 3121 et

609 3166 661 3228 si
708 3186 891 3250 spera
937 3164 1050 3229 che
1096 3172 1312 3250 queste
1360 3173 1453 3228 tre
1500 3165 1839 3250 provincie,
1886 3163 2071 3251 quale
2126 3187 2278 3228 sono
2326 3162 2593 3228 membri
2640 3162 2741 3227 del
2788 3184 2982 3248 regno
3028 3163 3098 3227 di
3140 3164 3341 3228 Boas

610 3270 846 3353 hemia,
904 3270 1144 3336 darano
1207 3270 1452 3335 almeno
1514 3270 1852 3336 altrotanto
1899 3270 2115 3335 adiuto
2175 3293 2352 3335 come
2397 3272 2589 3334 fauno
2634 3271 2855 3356 questi.
2947 3272 3000 3334 si
3043 3270 3114 3335 fa
3157 3271 3263 3335 un'

607 3378 771 3443 altra
815 3378 986 3442 dieta
1015 3379 1079 3442 in
1112 3376 1476 3460 Ratisbona,
1524 3400 1641 3443 ove
1688 3379 1741 3441 si
1785 3379 2040 3442 trovera
2083 3377 2127 3441 il
2162 3378 2285 3442 ΒΜ
2318 3376 2818 3463 Saltzpurgense‚
2867 3376 2910 3441 li
2956 3377 3068 3442 dui
3099 3377 3264 3442 duca

609 3487 675 3551 di
721 3485 968 3550 Bavera
1013 3493 1075 3549 et
1121 3483 1330 3550 alcuni
1378 3484 1520 3549 altri
1567 3486 1839 3572 principi
1885 3486 2139 3549 vescovi
2185 3486 2248 3548 in
2297 3484 2441 3572 quel
2489 3486 2749 3548 circuito
2761 3534 2780 3567 ,
2826 3493 2888 3548 et
2933 3483 3016 3548 ho
3061 3486 3264 3549 inteso

609 3595 848 3658 darano
896 3615 935 3656 a
980 3591 1111 3657 Sua
1158 3592 1401 3657 Maesta
1458 3601 1553 3657 tre
1613 3591 1810 3655 millia
1865 3592 2023 3656 santi
2082 3602 2144 3657 et
2202 3592 2369 3655 mille
2430 3589 2658 3655 cavalli
2687 3593 2759 3677 ³),
2819 3589 2989 3655 siche
3049 3591 3263 3677 d'ogni

610 3709 789 3786 parte
837 3699 966 3765 Sua
1012 3700 1258 3764 Maesta
1315 3723 1399 3763 va
1446 3700 1891 3784 congregando
1950 3700 2260 3783 exercito,
2320 3697 2377 3763 el
2439 3721 2699 3763 numero
2759 3697 2860 3762 del
2906 3695 3094 3784 quale
3138 3709 3338 3763 non30

611 3809 662 3871 si
706 3809 832 3894 pub
886 3830 1102 3892 sapere
1150 3815 1318 3871 certo
1367 3806 1581 3871 sinche
1627 3830 1751 3871 non
1801 3807 1895 3871 sia
1939 3808 2003 3871 in
2064 3829 2284 3871 essere.
2376 3805 2421 3870 il
2468 3805 2583 3870 che
2627 3807 2813 3892 petra
2857 3827 3060 3869 essere
3094 3807 3265 3870 circa

468 3926 591 3980 Juli
611 3940 650 3980 a
695 3937 869 3979 mezo
915 3913 1170 4000 giugli0,
1219 3937 1396 3978 come
1443 3915 1494 3978 si
1526 3915 1650 3999 pub
1685 3913 2236 4000 comprehendere,
2282 3936 2389 3977 ma
2433 3935 2561 3978 non
2598 3914 2744 3977 sara
2773 3914 2903 3976 cosi
2932 3911 3264 3998 gagliardo

610 4022 725 4087 che
772 4021 1060 4087 venendo
1107 4021 1150 4085 il
1198 4022 1409 4086 Turco
1455 4021 1576 4085 alle
1621 4023 1790 4107 parti
1835 4021 1900 4085 di
1947 4044 2073 4108 qua
2118 4022 2286 4107 possi
2332 4030 2461 4084 star
2506 4022 2571 4084 in
2617 4040 2989 4105 campagus..

787 4129 915 4194 Gia
959 4127 1167 4193 alcuni
1213 4130 1418 4214 giorni
1463 4128 1507 4193 li
1553 4130 1790 4214 signori
1822 4128 2156 4192 Venetiani
2201 4130 2557 4192 ricercorno
2603 4134 2825 4215 questa
2871 4126 3120 4191 Maesta
3150 4126 3264 4192 che

611 4238 662 4300 si
709 4244 1102 4301 contentasse
1145 4236 1409 4301 lasciare
1468 4235 1806 4300 fortificare
1864 4234 2075 4300 alcuni
2136 4237 2304 4321 passi
2351 4236 2417 4299 in
2463 4233 2666 4299 Friuli
2709 4256 2825 4320 per
2869 4234 3176 4321 impedire
3219 4232 3335 4298 i135

612 4346 872 4408 transito
932 4344 1012 4408 de
1058 4343 1241 4408 Italia
1298 4344 1359 4408 al
1407 4344 1650 4425 TurcO,
1711 4342 1754 4407 il
1815 4342 1930 4407 che
1989 4341 2032 4406 li
2077 4343 2145 4407 fu
2202 4341 2691 4427 benignamente
2752 4363 3050 4407 concesso
3096 4340 3264 4406 dalla

756 4574 799 4643 ¹)
849 4576 963 4644 Vyl.
1006 4575 1294 4630 Cavazza's
1331 4576 1591 4629 Relation
1626 4576 1691 4628 in
1728 4576 1836 4629 den
1871 4576 2139 4644 Beiloqen
2175 4575 2345 4629 dieses
2381 4574 2623 4629 Bandes.

756 4662 800 4730 ²)
852 4662 964 4731 Vyl.
1010 4663 1385 4730 Giustiniani,
1423 4665 1507 4718 bei
1543 4663 1735 4717 Alban·
1771 4665 1804 4717 1.
1845 4665 1879 4717 Ζ.
1917 4680 2043 4732 pay.
2082 4665 2199 4717 127.

755 4751 801 4821 ³)
848 4752 959 4820 Vql.
998 4758 1173 4806 auten
1209 4769 1293 4806 nr.
1334 4757 1418 4807 97.
