3500 5300
605 391 715 451 244
1366 393 1464 446 No.
1505 392 1742 446 73—74:
1783 392 1921 446 1537
1959 391 2239 444 December
2276 391 2521 444 15.-16.

396 593 531 643 1537
609 589 938 677 doppoche
985 588 1115 655 Sua
1161 587 1409 652 Santita
1454 611 1578 652 non
1642 587 1723 650 ha
1782 586 1998 651 voluto
2061 586 2456 650 concedermi
2505 583 2568 649 la
2612 584 2972 648 desiderata
3018 582 3271 648 licentia

352 661 485 715 Doe’
526 665 591 714 15
608 702 670 760 et
719 697 836 760 che
880 696 958 759 V.
1008 695 1068 760 S.
1117 694 1507 758 m'inhibisce
1564 692 1607 757 il
1663 692 1970 780 replicare
2027 695 2173 779 pin,
2229 692 2477 757 benche
2536 691 2802 756 essendo
2859 693 3116 755 conscio
3173 689 3269 755 del

609 825 770 889 poc-o
816 804 1071 866 servitio
1118 800 1235 865 0116
1265 801 1395 865 Sua
1427 801 1673 865 Santita
1715 802 1844 887 pub
1891 800 2124 864 havere
2170 798 2269 863 del
2308 800 2436 864 mio
2467 806 2635 864 stare
2678 799 2785 885 qui
2832 804 2895 862 et
2923 796 3028 862 del
3062 796 3268 862 danno

610 908 726 973 che
771 909 829 973 le
876 929 1021 972 cose
1078 908 1205 971 mie
1262 908 1589 993 patiscono
1651 908 1717 970 in
1765 905 1990 990 Italia„
2043 908 2127 969 mi
2190 908 2348 993 para
2405 927 2631 990 grave,
2701 905 3088 970 nondimeno
3147 927 3268 968 non

609 1014 921 1102 possendo
966 1016 1255 1078 resistere
1300 1013 1425 1078 alla
1482 1012 1748 1079 volunta
1805 1013 1870 1077 di
1918 1012 2049 1079 Sua
2096 1012 2494 1077 Beatitudine
2551 1020 2615 1076 et
2673 1010 2904 1098 perche
2950 1011 3027 1075 V.
3077 1011 3140 1075 S.
3187 1014 3268 1075 mi
3315 1020 3343 1071 5

611 1129 923 1209 promette
968 1120 1085 1186 che
1131 1119 1190 1185 al
1238 1129 1450 1207 tempo
1511 1120 1612 1185 del
1672 1119 1940 1185 concilio
1999 1120 2140 1184 saro
2185 1127 2511 1202 revocat0‚
2570 1119 2817 1204 seguiro
2878 1117 3150 1182 facendo
3212 1117 3270 1181 al

612 1228 842 1314 meglio
888 1227 1050 1292 ch'io
1096 1249 1281 1314 poseo
1327 1227 1415 1291 fin
1461 1250 1502 1290 a
1547 1226 1692 1314 quel
1742 1227 1916 1308 hora,
1965 1226 2378 1314 supplicando
2426 1227 2526 1291 fra
2570 1234 2788 1313 questo
2834 1247 3050 1290 mezzo
3096 1225 3173 1288 V.
3210 1225 3266 1289 S.

614 1337 666 1400 si
711 1334 900 1422 degni
945 1335 1372 1399 conservarmi
1418 1335 1484 1398 in
1532 1332 1701 1397 bona
1747 1336 1954 1419 gratia
1999 1333 2064 1397 di
2113 1333 2244 1399 Sua
2273 1334 2520 1397 Santita
2562 1340 2625 1397 et
2672 1333 2806 1396 fare
2852 1332 2970 1396 che
3014 1333 3080 1395 in
3126 1333 3268 1417 ogni

612 1441 800 1506 modo
847 1464 886 1505 a
932 1439 1075 1527 quel
1122 1448 1334 1526 tempo
1381 1442 1475 1504 sia
1519 1448 1849 1522 revocat03
1908 1447 1972 1505 et
2016 1463 2083 1504 se
2129 1463 2246 1526 per
2290 1439 2557 1527 qualche
2603 1439 3023 1520 oecon-entia,
3068 1437 3115 1502 il
3159 1438 3270 1502 che

613 1572 742 1613 non
788 1548 1007 1631 credo,
1054 1548 1216 1612 fosse
1261 1548 1420 1612 satta
1465 1569 1634 1612 nova
1680 1547 1981 1612 dilatione
2026 1546 2129 1611 del
2175 1545 2479 1628 concilio,
2525 1569 2652 1610 non
2699 1544 2912 1631 voglia
2957 1544 3268 1610 lanciarmi
3287 1553 3344 1604 10

615 1657 680 1719 in
727 1662 949 1742 questa
993 1655 1286 1741 impressa,
1335 1643 1397 1718 et
1427 1654 1770 1719 realmente
1801 1662 2111 1740 prometto
2156 1677 2214 1720 a.
2264 1654 2341 1716 V.
2377 1654 2459 1736 S„
2504 1652 2631 1718 alla
2676 1652 2825 1741 qual
2873 1654 2961 1717 mi
3007 1676 3269 1718 conosco

614 1761 1069 1826 infinitamente
1115 1760 1391 1846 obligato
1438 1784 1552 1847 per
1596 1761 1641 1825 li
1701 1764 1837 1826 suoi
1895 1760 2239 1825 amorevoli
2293 1760 2474 1826 offitii
2521 1759 2809 1825 collocati
2852 1760 2917 1824 in
2968 1782 3104 1842 me,
3163 1760 3270 1823 0116

616 1861 791 1932 {anto
839 1867 980 1932 dell'
1028 1890 1199 1932 esser
1258 1875 1555 1933 revocato
1597 1868 1685 1953 gli
1729 1869 1970 1932 restari)
2033 1866 2314 1953 obligato
2376 1873 2613 1954 quanto
2673 1867 2739 1931 di
2799 1868 3061 1931 nissuna
3119 1866 3270 1931 altra

617 1997 765 2039 cosa
795 1973 955 2039 ch'io
986 1974 1275 2039 desidera
1302 1975 1356 2062 ²)
1405 1997 1572 2039 esser
1616 1975 1776 2038 satta
1820 1977 1884 2039 in
1932 1977 2058 2039 mio
2090 1974 2328 2039 honore
2371 1982 2436 2039 et
2465 1973 2775 2038 benefitio.
2839 1975 2922 2038 116
2970 1972 3131 2039 altro
3176 1997 3268 2039 oc·

618 2081 926 2146 correndo
972 2082 1037 2145 in
1086 2079 1253 2147 bona
1295 2082 1505 2167 gratia
1551 2087 1656 2146 etc.
3289 2084 3351 2137 15

362 2190 495 2244 Dee·
534 2192 600 2241 15
797 2187 903 2252 Da
948 2187 1191 2254 Gremio
1235 2210 1275 2252 a
1321 2188 1387 2251 di
1439 2197 1517 2254 15
1565 2188 1630 2252 di
1678 2187 2013 2253 decembre
2067 2197 2250 2255 1537.

363 2437 495 2491 Doe·
533 2440 601 2490 ¹⁶
623 2456 736 2524 74.
830 2455 1097 2519 Morone
1142 2475 1232 2518 an
1280 2455 1602 2520 Ricalcati
1616 2477 1638 2519 .·
1695 2456 1863 2521 nach
1909 2456 2254 2521 Berichten
2314 2457 2422 2521 des
2469 2456 2878 2537 Erzbischofs
2922 2477 3045 2520 von
3089 2456 3276 2520 Lami

620 2563 704 2626 ist
750 2562 959 2627 bisher
1004 2582 1134 2626 nur
1180 2562 1286 2627 ein
1330 2562 1630 2628 kt'assrzerer
1673 2561 2024 2628 Stillstand
2077 2563 2457 2640 vereinbart,
2517 2561 2856 2627 innerhalb
2914 2563 3134 2628 dessen
3172 2585 3270 2645 ye-

618 2674 861 2733 nannte
920 2669 1387 2735 Unterhc'indler
1432 2670 1552 2733 den
1597 2669 2154 2734 Friedenstraktat
2208 2671 2585 2735 vor-uelamen
2629 2669 2845 2735 sollen.
2935 2674 3106 2735 1537
3147 2671 3272 2736 De-

619 2776 856 2841 cember
899 2778 981 2838 16
1023 2775 1277 2840 Krems.
3292 2789 3359 2840 20

765 2917 889 2971 Ans
926 2916 1154 2984 Parma,
1193 2917 1359 2971 Arch.
1401 2917 1461 2971 di
1499 2917 1664 2973 Scato
1698 2918 2001 2990 Carteggio
2038 2918 2372 2975 Famesiano
2414 2919 2582 2987 Oriy„
2621 2920 2953 2989 beschddiyt.

367 3042 502 3095 Dec·
540 3045 605 3094 15
804 3041 956 3105 Heri
1007 3043 1213 3106 scrissi
1260 3065 1300 3105 a
1347 3041 1422 3105 V.
1471 3042 1532 3106 S.
1584 3041 1700 3107 0116
1758 3044 1810 3106 si
1872 3050 2199 3128 espettava
2262 3043 2528 3131 qualche
2572 3065 2745 3108 nova
2788 3042 2875 3107 da
2919 3047 3278 3130 monsignor

624 3147 964 3212 Lundense
1010 3149 1180 3212 circa
1226 3148 1267 3212 il
1327 3155 1586 3212 trattato
1649 3147 1815 3213 della
1859 3172 2018 3235 pace
2064 3171 2183 3214 con
2229 3148 2273 3213 il
2319 3150 2649 3237 Vayvoda.
2742 3151 2931 3237 dapoi
2980 3173 3133 3216 sono
3177 3174 3277 3215 ve·

622 3262 775 3319 nute
820 3254 1040 3319 lettere
1085 3277 1198 3340 per
1242 3254 1300 3319 le
1347 3254 1534 3341 quale
1580 3257 1633 3318 si
1678 3256 1712 3318 ὸ
1759 3257 1959 3320 inteso
2020 3258 2137 3321 che
2196 3256 2473 3322 anchora
2517 3280 2644 3322 non
2691 3258 2728 3321 ὸ
2777 3257 2928 3323 dato
2975 3259 3278 3345 principio

357 3361 489 3415 Dec·
528 3364 605 3414 20
624 3360 685 3425 al
730 3369 988 3425 trattato
1036 3361 1116 3425 de
1161 3361 1324 3425 ditta
1380 3384 1540 3448 pace
1595 3372 1658 3426 et
1717 3362 1832 3427 che
1880 3362 1984 3426 alli
2034 3373 2116 3431 20
2164 3363 2225 3428 di
2274 3373 2495 3451 questo
2542 3364 2587 3428 li
2632 3367 3049 3430 commissarii
3095 3366 3357 3431 d’unaffi

623 3479 803 3553 parte
850 3476 913 3533 et
956 3467 1192 3549 l’altra‚
1240 3467 1440 3554 (quali
1488 3467 1594 3532 dal
1654 3477 1841 3533 conto
1901 3469 1967 3533 di
2029 3480 2248 3557 questo
2307 3493 2377 3535 re
2437 3480 2501 3535 et
2555 3471 2659 3536 del
2702 3474 3084 3559 imperatore
3130 3496 3277 3538 sono

623 3574 876 3639 l’orator
908 3573 1177 3639 Cesareo
1224 3576 1630 3639 arcivescovo
1663 3574 2002 3640 Lundense
2047 3584 2111 3641 et
2154 3576 2198 3641 il
2243 3579 2456 3662 signor
2485 3577 2821 3673 Leonardo
2855 3578 3054 3662 W'ele,
3101 3579 3280 3666 quale

624 3704 734 3746 era
777 3681 1070 3767 generale
1115 3691 1341 3745 contra
1383 3681 1429 3745 il
1474 3681 1648 3746 detto
1696 3682 2043 3769 Vayvoda,
2089 3693 2154 3748 et
2199 3706 2325 3748 uno
2371 3707 2605 3749 messer
2650 3686 3021 3750 Hieronimo
3069 3686 3278 3751 Lasko

625 3787 883 3869 Polon0‚
932 3786 1118 3874 quale
1164 3789 1214 3852 si
1260 3788 1324 3852 fa
1369 3796 1630 3875 parente
1674 3788 1741 3852 di
1787 3788 2018 3854 Nostro
2050 3790 2315 3875 Signore
2362 3813 2475 3878 per
2520 3793 2781 3878 rispetto
2827 3792 2994 3857 della
3039 3793 3280 3880 moglie,

627 3892 813 3981 quale
860 3892 944 3957 ha
989 3895 1228 3979 origine
1275 3895 1341 3959 di
1398 3918 1546 3959 casa
1592 3896 1830 3960 Ursina
1860 3895 1942 3984 ¹);
2004 3905 2068 3961 et
2125 3896 2232 3961 dal
2291 3905 2479 3963 canto
2542 3898 2632 3962 dil
2680 3898 2998 3985 Vayvoda
3042 3900 3089 3964 il
3131 3902 3357 3965 Rev.30

626 4001 786 4063 frate
834 4000 1109 4086 Georgio
1155 4000 1341 4066 eletto
1387 4003 1684 4088 episcopo
1732 4002 1799 4066 di
1844 4003 2172 4068 Varadino
2218 4013 2285 4069 et
2337 4003 2675 4069 thesoriere
2721 4015 2784 4070 et
2825 4005 3034 4072 l’altro
3081 4009 3117 4071 ὸ
3165 4030 3281 4072 uno

626 4127 859 4170 messer
889 4106 1099 4170 Pietro
1147 4106 1226 4171 de
1259 4108 1528 4171 Perenni
1563 4107 1797 4173 barone
1829 4110 2119 4195 Hongari
2164 4119 2228 4175 et
2272 4110 2338 4175 di
2377 4112 2704 4197 maggiore
2731 4115 3068 4193 auctorita,
3115 4136 3282 4179 come

629 4251 1156 4260 .-..—---—--——-——.

770 4320 813 4361 ι)
844 4320 924 4358 Sic.

631 4412 772 4462 1532
826 4409 916 4462 ein
963 4409 1292 4478 vorldiufiyer
1336 4412 1633 4481 Ausyleich
1687 4414 1873 4466 crzielt
1927 4430 2045 4467 war
2101 4413 2164 4477 (s.
2212 4412 2302 4466 die
2351 4414 2720 4484 Einleitunq).
2801 4416 2953 4471 Eine
3007 4417 3284 4472 datter-nde

628 4497 926 4586 Eim'yunp
961 4498 1059 4551 mit
1098 4498 1203 4552 den
1240 4499 1524 4570 Herzo'qen
1561 4501 1791 4570 erfolqte
1828 4502 2064 4571 Anfanq
2101 4504 2253 4555 1539.
3297 4506 3359 4560 35

774 4587 813 4651 ¹)
860 4587 1000 4640 Uber
1035 4587 1407 4657 Hieronymus
1443 4590 1629 4644 Laako
1664 4591 1770 4659 vyl.
1809 4597 1985 4644 unten
2027 4608 2146 4644 ππ.
2185 4595 2260 4645 86
2295 4593 2417 4646 und
2453 4596 2528 4647 97
2562 4594 2626 4659 (ε.
2664 4595 2810 4649 auch
2844 4595 2957 4649 Ba.
2997 4598 3071 4664 1).
3145 4596 3284 4650 Eine

633 4674 855 4813 ξείνια,
895 4676 1221 4730 Constantia
1228 4718 1244 4744 ‚
1282 4694 1401 4731 wm-
1438 4678 1527 4732 die
1564 4678 1858 4733 Gemahlin
1897 4679 2027 4734 Pior
2061 4680 2282 4752 Ine-iqi’s
2318 4681 2439 4736 und
2475 4682 2569 4737 die
2606 4683 2824 4737 Μαίων·
2861 4684 2958 4738 des
2996 4685 3286 4741 Car-dina&

687 4779 891 4817 arnone.
