3500 5300
654 335 763 397 ῧω
1660 335 1761 394 No,
1798 338 1897 394 97:
1934 339 2075 394 1538
2109 335 2237 392 Juni
2273 337 2323 393 7.

462 536 602 586 1538
654 534 927 599 l’unione
971 533 1074 598 del
1118 534 1383 620 imperio
1428 540 1651 598 contra
1694 532 1738 597 il
1786 533 2016 598 Turco.
2107 533 2170 598 la
2226 532 2374 620 qual
2433 555 2582 598 cosa
2638 535 2675 599 ὸ
2733 532 3105 599 verissimile
3160 541 3228 598 et
3272 536 3323 598 si

423 605 564 658 Juni
602 608 920 707 ⁷conosee
966 642 1344 722 necessaria,
1391 650 1804 728 quantunque
1851 641 1902 704 si
1949 639 2093 705 dica
2121 639 2238 705 che
2269 640 2402 706 Sua
2433 639 2704 706 Cesarea
2734 640 2980 705 Maesta
3009 642 3325 705 ritornera

654 749 719 810 in
765 747 1023 833 Spagna
1057 747 1121 835 ¹.)
1213 757 1274 812 et
1322 769 1436 832 per
1495 756 1718 834 questo
1778 747 1987 812 effetto
2046 746 2126 811 ho
2186 748 2386 811 inteso
2445 755 2665 834 questo
2712 748 2898 812 Ser¹³⁰
2945 770 3014 812 re
3059 748 3130 812 fa
3176 748 3324 833 ogni

653 856 951 919 instantia
1007 852 1337 939 possibile,
1398 852 1693 918 accioche
1740 853 1872 917 Sua
1918 851 2190 919 Cesarea
2237 853 2482 917 Maesta
2535 855 2723 938 vengi
2785 876 2826 918 a
2869 862 3092 940 queste
3139 856 3322 940 parti,

655 972 718 1026 et
783 959 1026 1025 benche
1094 959 1156 1024 lo
1214 962 1470 1045 tengino
1529 983 1830 1046 appresso
1889 960 1955 1023 di
2014 982 2110 1041 se,
2180 959 2561 1024 nondimeno
2621 960 2884 1025 essendo
2952 961 3325 1045 interrogati
3366 972 3393 1024 5

657 1090 781 1132 non
830 1089 1077 1152 negano
1135 1066 1197 1131 la
1257 1068 1596 1149 necessita,
1656 1089 1763 1131 ma
1820 1088 1945 1130 non
2006 1067 2373 1131 confessano
2432 1066 2494 1130 la
2550 1066 2863 1133 richiesta.
2958 1065 3132 1131 della
3176 1065 3324 1153 qual

424 1171 568 1225 Jum
606 1173 809 1238 6cosa
853 1172 1046 1237 molto
1093 1181 1466 1258 argumento
1511 1174 1598 1237 mi
1658 1173 1743 1237 da
1787 1172 2128 1238 l’instantia
2186 1173 2429 1237 fattami
2475 1181 2538 1237 et
2584 1172 2741 1238 hieri
2797 1171 3202 1259 replicatami
3246 1173 3326 1236 da

658 1290 877 1367 questa
921 1280 1168 1344 Maesta
1226 1281 1396 1344 circa
1462 1279 1526 1344 la
1593 1282 1867 1365 prattica
1912 1278 2079 1344 della
2137 1278 2473 1344 concordia
2531 1302 2650 1345 con
2697 1279 3088 1362 Luthenani,
3157 1278 3324 1345 della

658 1386 842 1473 quale
888 1388 1109 1452 scrisse
1155 1386 1341 1471 pochi
1387 1388 1592 1471 giomi
1639 1386 1705 1450 fa
1749 1409 1790 1450 a
1836 1387 1968 1451 Sua
2012 1386 2432 1452 Beatitudine.

836 1494 959 1558 Per
1002 1491 1330 1557 declarare
1375 1492 1635 1578 meglio,
1695 1514 1811 1578 per
1856 1500 2093 1579 quanto
2152 1515 2336 1579 posso
2383 1492 2945 1579 comprehendere,
3003 1492 3071 1558 la
3117 1507 3400 1559 mentem

659 1600 722 1664 di
768 1608 990 1687 questa
1036 1600 1280 1663 Maesta
1325 1597 1464 1662 diro
1523 1600 1587 1662 in
1635 1609 1856 1685 questo
1903 1598 2119 1663 modo:
2192 1599 2308 1664 che
2365 1599 2429 1663 la
2488 1598 2736 1664 Maesta
2795 1599 2959 1683 Sua,
3029 1599 3324 1664 havendo

657 1705 815 1771 satta
859 1705 921 1770 la
966 1727 1124 1791 pace
1169 1726 1286 1769 con
1334 1704 1376 1767 il
1426 1704 1743 1790 Vayvoda
1789 1713 1850 1768 et
1896 1703 2247 1789 promissoli
2310 1704 2524 1769 adiuto
2590 1712 2812 1771 contra
2866 1705 2908 1770 il
2957 1706 3173 1771 Turco
3191 1757 3210 1789 ‚
3265 1715 3324 1771 et

657 1812 947 1878 vedendo
994 1811 1055 1875 la
1099 1812 1378 1896 potentia
1424 1810 1623 1875 d'esso
1672 1810 1917 1892 Turco,
1965 1810 2150 1898 quale
2213 1813 2361 1897 ogni
2408 1834 2574 1875 anno
2622 1812 2682 1876 lo
2729 1812 3046 1898 tmvaglia
3089 1821 3156 1878 et
3201 1822 3327 1877 tra-

659 1917 973 2004 vagliara,
1034 1925 1095 1981 et
1152 1918 1566 1981 conoscendo.
1605 1917 1667 1982 la
1714 1916 1974 1982 debilita
2031 1916 2193 1982 delle
2251 1919 2421 1982 foi-ze
2476 1940 2588 1981 sue
2634 1917 2700 1982 di
2745 1917 2970 2005 poterli
3015 1921 3327 1996 resistere,

658 2023 944 2090 desidera
989 2033 1052 2088 et
1096 2045 1386 2109 procura,
1431 2045 1546 2109 per
1604 2025 1889 2088 satisfare
1944 2023 2044 2088 all'
2095 2022 2475 2109 obligatione
2538 2047 2657 2089 con
2703 2024 2747 2088 il
2793 2025 3110 2112 Vayvoda
3158 2035 3224 2090 et
3266 2025 3327 2091 al
3349 2038 3404 2090 15

659 2154 772 2195 suo
818 2130 1102 2217 bisogno,
1147 2130 1261 2194 che
1307 2129 1368 2193 la
1413 2129 1685 2195 Cesarea
1734 2131 1980 2195 Maesta
2016 2131 2183 2195 facia
2227 2153 2384 2217 pace
2429 2152 2548 2196 con
2595 2131 2850 2196 Franza
2893 2140 2956 2196 et
3002 2154 3218 2219 venga
3262 2135 3326 2196 in

660 2237 1004 2303 Germania
1049 2245 1112 2302 et
1157 2238 1322 2302 facia
1365 2236 1427 2301 la
1473 2236 1641 2301 dieta
1687 2236 2011 2323 imperiale
2056 2246 2119 2301 et
2165 2238 2385 2302 unisca
2427 2245 2645 2323 queste
2708 2239 2871 2324 parti
2933 2237 3326 2304 occidentale

659 2366 772 2430 per
830 2342 1095 2408 l'ultima
1156 2343 1568 2408 destruttione
1628 2344 1693 2408 di
1751 2366 1889 2408 esso
1951 2343 2162 2408 Turco
2222 2352 2287 2408 et
2342 2342 2776 2409 ultimamente
2831 2343 3156 2409 stabilisca
3215 2367 3327 2430 per

660 2450 999 2516 concordia
1043 2450 1101 2515 le
1147 2471 1290 2515 cose
1335 2449 1502 2515 della
1545 2449 1847 2535 religione
1895 2457 2070 2514 tanto
2132 2449 2393 2515 confuse
2436 2451 2502 2514 in
2558 2459 2775 2537 queste
2834 2451 3163 2537 provincie
3209 2450 3324 2514 ebe

661 2580 787 2622 non
834 2559 885 2622 si
931 2557 1059 2643 pub
1105 2578 1357 2644 sperare
1424 2579 1572 2622 cosa
1639 2555 1840 2639 bona3
1899 2564 1962 2621 et
2020 2579 2135 2642 per
2191 2555 2496 2622 facilitare
2540 2558 2653 2642 piu
2721 2556 2765 2621 il
2834 2563 3087 2622 trattato
3159 2555 3322 2622 della
3337 2568 3394 2622 2⁴3
3487 2595 3488 2636 ι

663 2664 1000 2730 concordia
1044 2667 1097 2730 si
1141 2686 1325 2730 cerea
1368 2663 1431 2730 la
1474 2663 1616 2750 lega
1645 2662 1796 2728 delli
1840 2664 2132 2749 principii
2186 2663 2476 2728 catholici
2508 2672 2729 2729 contra
2758 2663 3128 2747 Lutherang
3159 2662 3322 2729 della
3485 2670 3486 2705 ¹

660 2771 845 2858 quale
891 2770 970 2836 ho
1015 2773 1121 2856 gia
1167 2773 1399 2835 scritto.

839 2877 1062 2959 Questi
1127 2877 1502 2963 provinciali
1569 2876 1634 2940 di
1681 2875 1881 2942 Slesia
1945 2877 2218 2962 separati
2283 2874 2453 2941 dalla
2519 2898 2674 2941 vera
2730 2875 3035 2963 religione
3089 2900 3205 2964 per
3259 2876 3318 2942 la

662 2986 985 3071 maggiore
1030 2992 1210 3070 parte
1255 2985 1320 3046 in
1352 2982 1548 3047 breve
1594 2982 1645 3047 si
1676 2982 2065 3047 risolverano
2112 2981 2254 3047 dell'
2302 2982 2519 3048 adiuto
2550 2981 2845 3069 vogliono
2879 2983 3049 3048 dare.
3109 2985 3316 3070 doppo

662 3090 1004 3155 andaremo
1050 3112 1090 3155 a
1134 3089 1455 3156 Olomutio
1500 3091 1566 3152 in
1613 3089 1937 3172 Mox-avia,
1996 3111 2115 3153 ove
2175 3090 2227 3152 si
2274 3089 2339 3154 fa
2383 3087 2446 3153 la
2491 3089 2662 3154 dieta
2706 3088 2930 3154 ultima
2973 3089 3138 3155 delle
3181 3101 3384 3177 pro-23

662 3198 872 3262 vincie
917 3197 997 3261 de
1041 3196 1175 3262 Sua
1218 3196 1478 3261 Maesta.

839 3302 919 3367 Li
964 3302 1158 3368 duchi
1202 3303 1268 3368 di
1314 3302 1592 3367 Bavaria
1637 3311 1699 3367 et
1746 3303 2000 3367 vescovi
2046 3301 2113 3365 di
2158 3300 2365 3388 quello
2409 3303 2672 3367 circuito
2699 3304 2775 3388 ²),
2821 3302 2920 3367 fra
2964 3303 3141 3389 quali
3185 3305 3244 3367 vi
3281 3304 3312 3366 ὲ

662 3410 706 3475 il
752 3409 1234 3496 Salzburgense,
1279 3407 1446 3474 hano
1493 3408 1788 3474 concluso
1835 3409 1986 3473 dare
2018 3418 2192 3475 4000
2223 3409 2382 3473 santi
2427 3417 2489 3472 et
2522 3417 2649 3475 500
2681 3407 2913 3473 cavalli
2959 3432 3072 3495 per
3102 3418 3313 3498 questa

660 3519 967 3603 impresa‚
1035 3524 1098 3581 et
1166 3515 1563 3603 bisognando
1611 3516 1742 3582 Sua
1790 3516 2034 3582 Maesta
2100 3516 2187 3578 mi
2257 3513 2340 3579 ha
2407 3515 2578 3580 detto
2639 3537 2893 3600 sperare
2937 3516 3058 3581 che
3105 3520 3312 3581 sarano

663 3622 942 3689 anchora
984 3624 1097 3710 piu
1142 3622 1207 3687 di
1253 3630 1487 3709 questo.
3324 3634 3374 3683 ,τυ

841 3729 1179 3796 Venetiani
1247 3729 1458 3795 alcuni
1525 3729 1733 3814 giorni
1802 3729 1869 3792 fa
1937 3730 2291 3794 ricercorno
2360 3737 2579 3815 questo
2639 3729 2826 3794 Ser¹¹¹⁰
2896 3752 2967 3794 re
3034 3731 3154 3796 che
3215 3754 3310 3816 ap·

661 3859 876 3926 presso
922 3836 1204 3901 l'Isontio
1270 3842 1586 3922 potessero
1654 3834 1788 3900 fare
1855 3834 2079 3899 alcuno
2149 3835 2379 3899 forteze
2425 3857 2538 3920 per
2581 3835 2890 3920 impedire
2943 3836 2988 3901 il
3036 3860 3220 3924 passo
3261 3835 3310 3900 al

665 3944 896 4026 Turco,
943 3966 1008 4008 se
1055 3943 1294 4008 volesse
1340 3944 1554 4007 venire
1599 3943 1664 4006 in
1713 3940 1898 4006 Italia
1927 3945 1998 4017 ³).
2090 3943 2221 4007 Sua
2255 3941 2496 4005 Maesta
2541 3942 2607 4005 fu
2641 3952 2939 4006 contenta
2986 3953 3051 4007 et
3097 3942 3310 4007 mando

433 4051 577 4104 Jum'
614 4053 650 4103 6
668 4073 752 4114 un
801 4050 1227 4114 commissario
1258 4071 1372 4135 per
1417 4057 1640 4135 questa
1669 4071 1877 4112 causa.
1954 4047 2112 4113 liieri
2145 4047 2352 4135 quella
2399 4046 2545 4111 lum·
2577 4047 2873 4134 Signoria
2903 4048 3046 4115 fece
3076 4049 3312 4137 querela

667 4180 784 4220 con
834 4157 963 4221 Sua
1010 4155 1255 4225 Maesta
1301 4154 1415 4219 che
1462 4155 1710 4219 l’effetto
1759 4178 1884 4220 non
1932 4156 1968 4219 ὲ
2016 4156 2255 4238 seguito
2302 4176 2416 4240 per
2459 4176 2664 4217 essere
2717 4153 2762 4217 il
2810 4156 3033 4241 signor
3079 4156 3368 4221 Valerios-'³

815 4440 856 4510 ¹)
895 4441 969 4495 In
1003 4440 1102 4495 der
1148 4440 1287 4494 Thac
1324 4441 1503 4494 kehrte
1543 4440 1641 4495 der
1678 4439 1883 4495 Kaisar
1917 4440 2119 4494 wieder
2153 4441 2300 4496 nach
2335 4439 2584 4508 Spaniam
2617 4441 2848 4495 curticle.

810 4530 856 4597 ¹)
896 4530 970 4584 D.
1008 4531 1044 4583 i.
1086 4530 1175 4582 die
1198 4531 1453 4595 Fiirsten,
1493 4528 1657 4583 deren
1686 4530 2147 4597 Verhandlunyen
2186 4559 2250 4568 —
2289 4528 2730 4598 zuReqensbury
2769 4560 2838 4568 —-
2879 4531 3026 4586 oben
3063 4534 3128 4588 in
3163 4550 3238 4587 nr.
3255 4534 3305 4581 91

666 4620 912 4671 erwit'lmt
950 4619 1193 4671 wurden.

811 4706 858 4777 ³)
909 4705 1021 4776 Vyl.
1060 4707 1194 4760 oben
1232 4723 1318 4760 nr.
1358 4709 1439 4760 91.
