3500 5300
600 311 707 374 4¹6
1714 315 1812 369 No.
1852 316 1953 370 1²⁸²:
1995 316 2149 370 1536.

406 517 546 568 1536
598 514 800 597 ignari
849 521 913 575 et
972 511 1244 597 improbi
1314 521 1643 590 arcentur,
1702 533 1830 575 non
1875 518 2220 595 gravantur
2259 510 2629 593 lit-tigantes,
2676 512 2730 574 si
2778 511 3024 573 externi
3070 532 3112 571 a
3165 531 3280 594 pa-

598 620 864 682 trocinio
908 616 1341 703 prohibentur,
1386 640 1531 681 cum
1563 638 1780 682 eorum
1810 620 1946 682 vita
1986 627 2053 681 et
2097 616 2387 682 doctrina
2431 616 2657 680 incolis
2705 618 2790 680 sit
2833 616 3167 700 incognita
3195 621 3275 694 ⁸):

599 727 651 788 si
698 735 911 788 tamen
970 726 1025 788 is
1087 732 1257 789 esset
1314 724 1724 810 littigantium
1786 727 2032 788 animus
2079 731 2151 787 ut
2193 731 2492 809 putarent
2554 722 2673 787 sibi
2735 721 2958 786 melius
3018 721 3273 785 consuli
3473 741 3474 758 ¹

599 833 653 895 si
699 841 1057 896 exterorum
1100 832 1468 917 patrociniis
1530 839 1883 911 uterentur,
1941 828 2398 916 indulgendum
2445 827 2769 894 videretur
2823 849 2981 914 quos
3030 828 3274 892 vellent
3473 819 3474 824 ¹

598 938 927 1002 consulere
974 947 1038 1002 et
1083 936 1166 1001 ad
1213 939 1659 1003 consistorium
1705 959 1922 1002 secum
1968 936 2306 1002 adducere.
3321 944 3355 996 5

734 1117 840 1181 82.
910 1113 1107 1192 Quod
1155 1138 1236 1180 ex
1282 1115 1534 1180 levibus
1581 1118 1794 1180 causis
1841 1115 2228 1201 pauperibus
2276 1122 2672 1179 sacramenta
2716 1112 3135 1197 denegentur.

776 1239 941 1305 Cum
987 1239 1197 1303 nullus
1245 1237 1649 1303 sacerdotum
1694 1261 2075 1325 quemquam
2119 1249 2290 1303 recte
2335 1236 2486 1302 fidei
2534 1237 2857 1302 hominem
2900 1259 3018 1323 pro
3048 1240 3270 1323 parvis

598 1357 661 1411 et
707 1346 957 1411 levibus
1003 1347 1214 1410 causis
1261 1368 1299 1410 a
1343 1347 1719 1410 comunione
1767 1345 2158 1431 suspendere
2205 1343 2436 1410 debeat
2479 1351 2693 1430 preter
2738 1366 2845 1409 eas
2892 1343 3119 1430 culpas
3152 1367 3268 1430 pro

596 1454 828 1540 quibus
874 1453 1117 1538 antiqui
1163 1461 1377 1539 patres
1424 1454 1625 1517 arceri
1671 1453 1753 1517 ab
1802 1452 2071 1518 ecclesia
2113 1454 2434 1538 jusserunt
2479 1453 2972 1516 committentes:
3023 1473 3078 1515 c.
3127 1451 3270 1515 nul-

595 1559 694 1622 lus
727 1570 823 1624 11.
847 1581 905 1644 q.
933 1566 989 1624 3.
1022 1562 1064 1640 ¹)
1094 1599 1196 1638 —,
1242 1581 1574 1645 perperam
1605 1568 1802 1643 agunt
1832 1557 2191 1623 sacerdotes
2224 1561 2332 1645 qui
2380 1581 2460 1622 ex
2504 1558 2755 1623 levibus
2798 1560 3008 1623 causis
3055 1580 3268 1623 sacra-
3289 1577 3349 1629 10

595 1673 807 1730 menta
852 1664 1232 1729 subtrahunt
1277 1672 1342 1729 et
1386 1665 1486 1730 his
1533 1665 1838 1730 abusibus
1885 1664 2344 1730 occurrendum
2388 1664 2552 1729 foret
2600 1664 2701 1728 his
2757 1664 3056 1728 remediis
3103 1686 3265 1749 quos

597 1793 789 1857 supra
833 1769 914 1835 dc
961 1793 1229 1836 censura
1275 1773 1877 1836 excomunicationis
1924 1773 2352 1836 recensuimus
2381 1772 2445 1851 ²).

772 1951 875 2012 83.
968 1947 1069 2013 De
1116 1948 1603 2014 inhibitionibus
1644 1972 1801 2014 vero
1846 1948 2328 2026 vindemiarum,
2373 1973 2496 2035 que
2528 1973 2642 2035 pro
2688 1950 2815 2014 alio
2849 1971 3041 2013 onere
3088 1949 3263 2013 subi-

596 2057 867 2132 ciunt-ur,
938 2078 1061 2119 uon
1109 2054 1398 2121 videmus
1448 2078 1725 2142 quonam
1772 2067 1963 2143 pacto
2010 2055 2375 2122 sacerdotes
2421 2057 2639 2142 laycos
2696 2055 2932 2121 damno
2979 2054 3260 2120 afficiant

596 2173 659 2225 et
722 2162 786 2226 id
852 2161 973 2227 sibi
1021 2162 1210 2227 cedat
1268 2165 1334 2226 in
1397 2161 1784 2227 decimarum
1829 2162 2090 2227 lucrum.
2182 2162 2410 2248 quodsi
2456 2165 2563 2249 qui
2611 2186 2728 2248 per
2771 2162 3260 2249 imprudentiam
3287 2179 3344 2231 15

595 2279 703 2332 aut
772 2268 1075 2333 malitiam
1146 2267 1214 2333 id
1272 2279 1469 2353 agunt
1530 2278 1599 2333 ut
1655 2267 1724 2333 id
1770 2279 2020 2355 tempus
2067 2291 2173 2334 ere
2219 2269 2592 2347 redimatur,
2660 2292 2764 2334 res
2833 2281 2932 2334 est
2996 2270 3258 2356 pessimi

595 2375 869 2461 exempli
915 2385 981 2439 et
1025 2377 1280 2439 omnino
1327 2374 1715 2460 corrigenda.

1201 2555 1304 2616 84.
1374 2550 1469 2616 Ut
1517 2552 1937 2617 ecclesiastici
1983 2552 2245 2638 synodis
2293 2554 2652 2619 abutantur.

770 2678 841 2741 Si
884 2678 1131 2764 judices
1178 2677 1517 2764 synodales
1563 2700 1679 2764 pro
1724 2680 1906 2764 penis
1954 2686 2018 2743 et
2062 2678 2525 2744 corectionibus
2572 2678 2805 2764 quibus
2864 2679 3254 2743 facinorosos

592 2794 657 2849 et
701 2786 1033 2849 criminum
1080 2793 1298 2850 sontes
1344 2807 1382 2849 a
1428 2785 1603 2848 vitiis
1650 2782 1969 2850 deterrere
2015 2783 2348 2864 deberent,
2406 2787 2744 2871 pecuniam
2781 2794 3146 2872 presentem
3191 2794 3252 2847 et
3272 2801 3338 2852 ἰὴ)

590 2899 977 2956 numeratam
1023 2893 1376 2977 accipiunt,
1435 2912 1768 2976 perperam
1827 2899 2022 2976 agunt
2079 2900 2144 2956 et
2202 2891 2588 2977 corrigendi:
2651 2900 2724 2955 ut
2782 2914 2974 2978 supra
3029 2914 3253 2977 grava-

591 2999 759 3062 mine
809 3007 888 3064 77
938 2998 1264 3062 retulimus
1295 2999 1362 3081 ¹²).

592 3159 689 3223 85.
774 3157 971 3236 Quod
1038 3159 1270 3244 iniquis
1339 3159 1611 3225 nexibus
1681 3162 1971 3248 episcopi
2055 3168 2119 3225 et
2189 3159 2419 3245 prelati
2502 3181 2541 3223 a
2615 3161 2748 3223 suis
2827 3161 3253 3244 astringantur

1766 3267 2083 3353 capitulis·

767 3371 869 3438 De
917 3372 1014 3437 his
1062 3395 1255 3460 supra
1299 3374 1712 3440 disseruimus
1758 3376 2127 3459 gravamine
2175 3422 2188 3436 .
2214 3422 2228 3436 .
2254 3423 2268 3436 .
2297 3378 2361 3453 θ).
3265 3385 3328 3438 25

767 3536 866 3596 86.
957 3532 1062 3598 De
1107 3556 1233 3598 non
1279 3533 1556 3599 ferendis
1601 3535 1768 3599 ultra
1813 3533 2112 3599 oneribus
2130 3583 2146 3613 ,
2208 3534 2438 3620 quibus
2484 3536 2717 3597 misera
2761 3533 2944 3620 plebs
2992 3556 3106 3620 pro
3152 3557 3248 3599 sa-

591 3647 1051 3703 cramentorum
1108 3638 1655 3706 administratione
1711 3650 2044 3726 gravatur,
2107 3643 2304 3706 sacris
2363 3639 2712 3705 canonibus
2767 3638 3063 3705 habunde
3105 3662 3248 3727 pro-
3473 3690 3474 3745 1

731 3853 775 3904 a)
802 3851 902 3895 Bod-
931 3853 955 3892 1
980 3852 1057 3894 hat
1082 3852 1159 3894 dm
1188 3853 1348 3905 Schts!
1372 3852 1491 3895 viti·
1517 3854 1665 3895 eutem
1692 3865 1802 3905 quae
1821 3853 2116 3906 deplorantur.
2145 3864 2231 3896 nou
2250 3852 2653 3895 ecelesiasticorum
2682 3851 2766 3893 sed
2786 3852 2834 3893 et
2858 3852 3070 3894 laieorum
3096 3852 3248 3894 insunt

588 3923 936 3977 procuratoribus
973 3924 1021 3965 et
1056 3924 1313 3972 advocetis.
1353 3936 1432 3967 nee
1469 3924 1666 3968 omnibus
1708 3925 1869 3975 etism.
1911 3925 1989 3967 sed
2029 3923 2158 3967 melis
2196 3925 2244 3966 et
2289 3923 2521 3976 improbis.
2552 3935 2686 3973 quare
2713 3925 2761 3965 et
2787 3923 2871 3966 hoc
2897 3935 2974 3976 pro
3001 3925 3249 3975 ςτιηιιίιο

589 3995 734 4038 omitti
760 3996 933 4047 poterat
957 3995 1009 4036 ut
1033 3995 1082 4036 et
1107 3994 1199 4036 slis
1228 3996 1384 4037 mults.
3263 3990 3328 4045 m

731 4065 777 4116 b)
806 4066 906 4108 Καὶ.
948 4068 972 4107 1
1009 4065 1084 4107 hat
1117 4066 1182 4108 dis
1219 4066 1404 4109 Anttoori
1446 4066 1493 4108 Si
1527 4068 1672 4109 testes
1706 4067 1943 4119 synodales
1973 4067 2207 4120 judicandi
2239 4078 2398 4109 munus
2443 4068 2669 4118 usurpant,
2703 4077 2929 4117 pei-peren
2961 4067 3127 4119 emt.
3157 4078 3247 4109 ee-

589 4148 734 4179 eorutu
763 4136 955 4178 officium
983 4136 1046 4178 sit
1071 4136 1335 4188 simpliciter
1361 4137 1408 4179 et
1433 4138 1490 4179 de
1515 4138 1645 4191 plano
1673 4139 1838 4189 absque
1863 4138 1960 4180 ulls
1977 4138 2292 4190 jurisdictione
2320 4137 2516 4179 sollicite
2544 4137 2818 4188 investigere
2846 4147 2960 4188 quae
2988 4138 3249 4181 eunetis-e

590 4211 657 4250 vel
684 4208 987 4249 reformatione
1028 4212 1131 4249 sunt
1168 4208 1304 4260 digne
1339 4210 1386 4249 et
1412 4220 1466 4250 ee
1490 4209 1682 4251 fideliter
1707 4209 1897 4261 portem
1934 4209 1990 4251 ad
2028 4208 2386 4262 metropolitanos
2429 4208 2733 4260 suffraganeos
2774 4210 2822 4249 et
2857 4208 2975 4250 alios
3014 4209 3061 4251 in
3087 4209 3247 4261 sysoio

588 4278 895 4329 subsequenti:
934 4289 974 4320 e.
1004 4279 1123 4320 sieut
1147 4279 1252 4320 olim
1280 4279 1337 4320 do
1362 4281 1555 4322 accuset.
1598 4279 1690 4330 aaz.
1727 4280 1761 4321 V
1792 4280 1858 4322 ut.
1891 4283 1912 4322 1
1948 4292 1983 4322 c.
2011 4281 2090 4331 25]
2118 4301 2168 4311 -
2196 4280 2244 4321 et
2269 4280 2353 4321 hee
2379 4279 2570 4321 fideliter
2597 4280 2846 4330 exequendi
2868 4280 3120 4333 juramento
3147 4292 3246 4323 sese

587 4350 861 4402 astringunt:
890 4361 929 4392 e.
958 4351 1191 4403 episeopus
1222 4351 1269 4391 in
1298 4350 1451 4392 sinodo
1478 4351 1532 4394 ⁸⁶
1559 4362 1602 4402 q.
1629 4354 1656 4393 8
1684 4354 1743 4402 [c.
1766 4352 1792 4393 7
1825 4352 1866 4392 G.
1895 4352 1952 4395 85
1980 4363 2019 4404 q.
2035 4352 2098 4402 61.
2155 4350 2231 4402 qul
2257 4350 2299 4392 si
2324 4352 2552 4403 peeuuisn
2579 4350 2659 4392 sut
2683 4349 2808 4392 eliud
2836 4350 2958 4402 quie.
2986 4363 3044 4394 ne
3071 4344 3325 4401 αὼιίωῧὲ)

588 4421 853 4463 denuntient
876 4420 1156 4474 [acceptantl.
1183 4421 1350 4464 ebusus
1378 4423 1452 4464 est
1476 4422 1524 4464 et
1549 4422 1861 4465 emendandus.

733 4494 773 4543 c)
804 4493 905 4534 Zahl
923 4492 1043 4544 fehlt.
1072 4494 1216 4534 abano
1245 4493 1347 4535 Rea.
1380 4495 1415 4534 1.

732 4600 775 4668 ¹)
817 4602 874 4657 O.
913 4605 986 4655 42
1021 4617 1063 4655 c.
1102 4606 1165 4654 11
1201 4617 1250 4669 q.
1289 4605 1339 4654 3.

734 4686 782 4757 ⁹)
824 4689 878 4742 S.
918 4690 1051 4744 oben
1086 4689 1142 4744 S.
1182 4693 1304 4744 396.
