3500 5300
564 378 673 438 356
1684 380 1782 434 ΝΟ,
1824 381 1926 434 1*;
1968 380 2122 435 1536.

378 580 514 629 1536
567 580 631 641 in
680 576 875 642 Clem.
937 574 1349 640 abusionibus
1394 600 1468 640 eo
1516 575 1695 640 titulo
1730 577 1794 662 ¹).
1889 598 2034 641 cum
2081 598 2233 639 vero
2280 573 2685 639 subsanando
2740 577 2909 662 piam
2955 573 3237 640 fidelium

568 685 970 749 devotionem
1017 682 1338 748 subiciunt
1370 685 1481 748 vix
1527 706 1851 770 superesse
1894 682 2188 747 morbum
2236 682 2339 747 cui
2370 683 2723 746 stationarii
2769 705 2897 747 non
2942 690 3006 747 et
3048 705 3238 769 pecu-

568 792 785 856 liarem
836 798 1124 856 sanctum
1186 799 1485 878 tanquam
1549 789 1812 855 taberne
1876 789 1977 854 vel
2036 789 2446 875 negotiationi
2503 790 2976 876 preposuerint,
3032 791 3103 853 in
3164 812 3236 854 eo

570 923 696 964 non
745 907 891 962 sunt
934 897 1335 984 permittendi
1383 920 1517 962 esse
1563 896 1676 986 [in]
1723 919 1954 979 errore,
2003 907 2073 960 ut
2117 897 2380 982 impium
2427 903 2655 983 putent
2711 918 2827 982 pro
2887 898 3235 981 gratiarum

570 1006 931 1070 diversitate
978 1003 1166 1069 licere
1211 1006 1403 1068 etiam
1449 1003 1735 1069 diversos
1780 1026 2078 1086 exorare,
2133 1026 2277 1068 cum
2343 1011 2496 1067 teste
2544 1002 2825 1089 apostolo
2891 1042 2971 1051 -—
3033 1005 3283 1090 prima5

570 1112 652 1177 ad
700 1111 1064 1177 Corinthios
1111 1133 1163 1174 c.
1220 1123 1296 1177 12
1329 1111 1382 1199 ²)
1436 1149 1512 1159 —-
1566 1111 1906 1176 divisiones
1951 1113 2300 1197 gratiarum
2357 1111 2483 1174 sint
2541 1120 2605 1174 et
2663 1110 3002 1175 divisiones
3057 1110 3237 1173 mini-

570 1222 945 1284 strationum
990 1225 1054 1284 et
1098 1218 1439 1283 divisiones
1484 1220 1938 1304 operationum.
2008 1217 2177 1282 idem
2226 1225 2435 1281 autem
2470 1217 2666 1299 Deus,
2712 1217 2881 1282 idem
2927 1217 3237 1298 dominus,

572 1327 742 1391 idem
792 1327 1066 1412 spiritua,
1116 1327 1224 1412 qui
1271 1333 1569 1412 operatur
1614 1327 1828 1390 omnia
1871 1327 1941 1389 in
2000 1323 2325 1406 omnibus3
2383 1325 2724 1411 unicuique
2784 1332 2996 1389 autem
3057 1323 3240 1388 datm·

572 1434 994 1499 manifestatio
1039 1433 1121 1497 ad
1178 1431 1545 1514 utilitatem,
1607 1430 1692 1495 ali
1749 1431 2003 1519 quidem
2060 1454 2176 1517 per
2234 1434 2439 1518 ipsum
2500 1453 2703 1495 sermo
2763 1431 3102 1517 sapientie,
3159 1429 3241 1495 ali

573 1542 779 1627 gratia
842 1541 1215 1622 sanitatum,
1275 1538 1357 1604 ali
1417 1540 1699 1626 operatio
1754 1541 2093 1603 virtutum:
2154 1537 2272 1604 hec
2329 1546 2542 1603 autem
2603 1545 2903 1625 operatur
2958 1560 3127 1602 unus
3182 1546 3318 1601 etlo

574 1648 744 1712 idem
792 1648 1049 1733 spiritus
1094 1645 1388 1711 dividens
1434 1646 1697 1732 singulis
1740 1654 1931 1734 prout
1975 1644 2145 1729 vult,
2207 1669 2357 1710 nam
2416 1649 2579 1711 sicut
2637 1647 2981 1710 sanitatum
3038 1645 3244 1730 gratia

575 1777 703 1819 non
748 1752 1043 1818 omnibus
1089 1776 1386 1819 concessa
1430 1775 1547 1817 nec
1592 1754 1784 1818 etiam
1832 1751 2141 1817 absonum
2187 1775 2316 1817 non
2349 1753 2784 1838 cujuscunque
2828 1749 3036 1816 morbi
3083 1751 3240 1814 sani-

577 1869 771 1927 tatem
817 1859 1199 1947 impetrandi
1244 1863 1515 1946 gratiam
1562 1861 1791 1947 cuique
1835 1882 2236 1942 concessam,
2285 1859 2394 1924 sed
2443 1882 2637 1924 unam
2695 1861 2837 1941 uni,
2894 1857 3084 1922 aliam
3141 1857 3242 1938 ali,

580 1971 743 2033 sicut
787 1990 903 2032 nec
949 1967 1185 2032 eisdem
1231 1967 1532 2053 angelicis
1577 1966 1903 2054 spiritibus
1954 1967 2038 2032 ad
2083 1966 2306 2032 eadem
2354 1989 2620 2031 munera
2675 1965 3040 2054 peragenda
3095 1987 3244 2029 usus

580 2083 673 2141 est
717 2075 1029 2157 dominus,
1076 2076 1423 2139 ministerio
1469 2073 1800 2139 Michaelis
1844 2076 2013 2138 enim
2054 2074 2137 2138 ad
2184 2097 2367 2161 opem
2414 2073 2736 2138 ferendam
2782 2071 3017 2160 populo
3049 2071 3243 2137 Israel
3261 2081 3322 2134 15

580 2185 646 2248 in
714 2182 909 2266 bello,
979 2180 1296 2248 Gabrielis
1354 2182 1437 2246 ad
1503 2181 1934 2247 nunciandum
1993 2180 2102 2246 filii
2174 2183 2270 2246 sui
2337 2181 2788 2245 incarnationis
2855 2180 3241 2267 mysterium,

584 2288 922 2375 Raphaelis
966 2289 1048 2355 ad
1095 2311 1277 2375 egros
1322 2289 1636 2354 sanandos
1681 2288 2211 2377 deducendosque
2256 2297 2321 2353 et
2364 2287 2757 2353 reducendos
2801 2309 3067 2374 peregre
3105 2308 3242 2373 pro-

582 2394 949 2477 ficiscentes,
994 2402 1068 2459 ut
1111 2395 1191 2460 de
1237 2393 1449 2460 Tobia
1474 2394 1528 2483 ⁸)
1573 2396 1821 2481 legitur,
1868 2403 1932 2461 et
1974 2397 2042 2460 in
2088 2394 2454 2484 apocalypsi
2483 2399 2534 2474 ⁴)
2583 2394 2852 2480 legimus
2883 2392 3245 2458 civitatibus

582 2500 722 2566 aliis
788 2499 943 2565 alios
1012 2501 1321 2587 prefectos
1387 2499 1648 2587 angelos
1715 2524 1863 2566 cum
1929 2501 2180 2568 Joanne
2247 2500 2671 2589 colloquentes
2693 2552 2711 2585 ,
2797 2524 2946 2566 cum
3013 2499 3244 2564 dicitur

584 2605 847 2692 angelus
892 2605 1357 2694 philadelphiae
1401 2630 1486 2674 ex
1532 2607 1787 2674 Smirna
1830 2615 1942 2674 aut
1985 2607 2298 2697 Pergamo
2343 2609 2509 2675 dixit
2552 2617 2671 2674 etc.
2703 2607 2790 2698 ⁸):
3261 2614 3325 2668 20

765 2711 1026 2799 Equum
1093 2721 1408 2800 postremo
1466 2715 1851 2781 censendum
1912 2717 2082 2803 quod
2141 2718 2207 2781 in
2267 2718 2402 2803 ejus
2461 2717 2852 2801 gravaminis
2911 2715 3086 2781 ealce
3139 2737 3244 2779 ex·

586 2817 942 2906 postulatur
985 2818 1068 2885 ab
1114 2820 1459 2907 apostolica
1501 2822 1650 2887 sede
1694 2822 2064 2906 remedium,
2111 2823 2616 2889 interdicendum
2658 2822 2897 2888 scilicet
2943 2824 3248 2910 episcopis

590 2927 935 3012 ceterisque
978 2925 1238 2991 ecclesie
1283 2927 1660 3014 primatibus
1704 2936 1818 2994 aut
1861 2949 2080 2995 eorum
2126 2931 2383 2995 vicariis
2440 2952 2519 2993 ne
2576 2952 2692 3016 pro
2751 2929 3084 3015 legationis
3138 2950 3250 2993 seu

588 3030 931 3096 functionis
997 3029 1361 3119 hujusmodi
1427 3034 1806 3100 admissione
1874 3034 2198 3122 quidpiam
2266 3035 2531 3122 posthac
2598 3037 2948 3122 accipiant:
3029 3059 3110 3100 ne
3174 3057 3250 3100 eo

593 3138 965 3223 compendio
1012 3146 1124 3203 aut
1168 3161 1428 3206 munere
1470 3138 1678 3206 allecti
1738 3142 2201 3207 coniventiores
2257 3143 2383 3207 sint
2440 3142 2523 3206 ad
2585 3164 2663 3207 ea
2719 3142 3076 3207 tolleranda
3131 3164 3253 3229 que
3269 3148 3333 3200 25

590 3240 689 3308 his
735 3243 1003 3329 querelis
1047 3243 1255 3310 locum
1303 3245 1562 3329 dedere,
1630 3247 1742 3313 sed
1802 3250 1927 3312 sint
1983 3246 2407 3335 diligentiores
2465 3271 2545 3314 ne
2611 3250 2822 3314 minus
2886 3250 3104 3314 idonei
3169 3248 3252 3313 ad
3485 3314 3486 3321 ,

590 3348 1041 3435 predicationis
1097 3373 1326 3417 munus
1383 3352 1801 3419 admittantur
1816 3404 1835 3439 ,
1893 3362 2005 3421 aut
2053 3356 2122 3420 in
2180 3355 2547 3443 colligendis
2599 3356 2952 3422 elemosinis
2997 3379 3252 3422 suarum

592 3453 965 3520 facultatum
1010 3456 1368 3523 transiliant
1411 3457 1654 3525 limites.
3485 3464 3486 3549 ξ

771 3598 829 3660 8.
922 3596 1220 3685 Sequitur
1265 3600 1344 3665 de
1374 3599 1883 3666 mendicantibus
1912 3601 2184 3691 querela.
2264 3604 2438 3692 quod
2481 3606 2535 3669 si
2577 3602 2663 3669 ab
2710 3603 2809 3669 his
2852 3626 3076 3669 eorum
3121 3606 3256 3668 vita

592 3701 1072 3789 reprehenditur
1118 3706 1228 3791 qui
1273 3714 1495 3773 contra
1538 3707 1776 3772 ordinis
1820 3730 2040 3774 eorum
2082 3710 2372 3775 instituta
2394 3760 2413 3793 ,
2481 3731 2608 3776 non
2655 3710 2738 3775 ad
2795 3711 3256 3793 necessitatem,
3274 3715 3342 3769 30

594 3808 705 3872 sed
748 3831 864 3895 per
907 3812 1238 3876 avaritiam
1286 3812 1706 3878 insatiabilem
1751 3813 1895 3901 plus
1939 3817 2134 3881 nimio
2178 3823 2513 3902 vagantur,
2560 3816 2716 3881 nihil
2759 3819 2828 3882 in
2871 3839 3022 3883 rure
3055 3840 3259 3906 neque

592 3915 660 3978 in
704 3913 863 3980 urbe
909 3938 1035 3981 non
1064 3927 1471 4004 peragratum
1503 3919 1889 3986 dimittentes
1938 3959 2042 4006 —-,
2076 3922 2265 3987 modo
2311 3921 2629 4009 regularia
2671 3922 2924 3989 illorum
2969 3926 3259 3990 instituta

594 4019 1187 4110 mendicitatemque
1229 4024 1435 4112 ipsam
1480 4049 1608 4092 non
1655 4026 1959 4093 damnent
2019 4066 2124 4111 -,
2172 4036 2318 4095 sunt
2376 4029 2815 4096 comendandi.
2907 4030 3025 4097 hos
3070 4033 3259 4097 etiam

738 4181 785 4229 a)
812 4179 911 4221 Rea.
942 4183 965 4221 1
992 4181 1087 4223 add.
1118 4183 1230 4232 quod
1259 4183 1402 4234 alqui·
1440 4185 1605 4227 (liceret
1631 4197 1905 4236 nequaquam
1944 4198 1996 4227 οι
2031 4188 2300 4230 traducenda
2337 4188 2394 4231 ad
2432 4190 2610 4232 unetos
2649 4191 2800 4232 curn·
2839 4189 2980 4242 clorio
3006 4192 3258 4244 participe-⁸.

596 4250 712 4299 quod
742 4249 797 4290 ad
827 4261 900 4291 οοι
929 4252 1149 4293 orationes
1176 4253 1353 4295 minime
1380 4255 1472 4296 sint
1497 4256 1740 4307 dirigende,
1772 4256 1987 4298 incideret
2013 4258 2060 4299 in
2088 4269 2272 4300 errorem
2299 4259 2537 4312 vigilantii
2565 4261 2805 4314 [Roebyter
2839 4265 2886 4303 in
2918 4262 3102 4310 Galb'm.
3129 4264 3170 4304 4.
3198 4257 3340 4312 διἰ35

593 4322 635 4361 6.
657 4319 838 4369 Iamba
864 4322 1006 4373 siser-u
1031 4323 1247 4366 bauandei-s
1272 4337 1398 4377 acam
1424 4326 1505 4367 don
1532 4327 1689 4368 Kultm
1715 4327 1789 4369 da·
1817 4328 2049 4380 Martum-J
2077 4341 2106 4371 a
2131 4330 2388 4383 Hieronymo
2416 4333 2464 4373 ot
2487 4333 2586 4374 tot}
2613 4332 2809 4375 melem
2835 4335 3123 4386 unroh-tun.
3148 4334 3258 4375 lieet

596 4390 735 4440 aliqui
764 4392 883 4432 etate
911 4395 1061 4435 nostra
1090 4393 1217 4436 illum
1245 4396 1453 4439 innovare
1480 4398 1763 4441 tentaverunt.

739 4480 782 4548 ¹)
824 4479 985 4537 Clem.
1024 4484 1057 4536 l.
1102 4483 1153 4538 V
1182 4485 1269 4538 tit.
1307 4488 1344 4540 9
1379 4503 1422 4542 c.
1458 4489 1514 4542 2.

740 4567 1123 4639 ²)10'orinth.
1162 4576 1235 4628 12
1270 4590 1320 4628 v.
1358 4573 1465 4640 ὅθ’.

744 4655 787 4723 ⁸)
831 4659 956 4713 Tob.
996 4662 1031 4711 5
1068 4678 1111 4714 v.
1152 4663 1202 4714 6.

744 4744 789 4812 ⁴)
830 4747 1057 4813 Apocal.
1097 4764 1253 4817 capp.
1294 4752 1349 4804 2.
1387 4756 1436 4804 3.
3277 4758 3342 4811 40
