3500 5300
1345 320 1444 375 Nc.
1486 321 1585 375 1*:
1627 322 1781 376 1536.
2791 321 2898 380 419

231 519 332 581 88.
425 518 573 595 Quo
620 526 810 602 pacto
856 517 1147 602 parrechi
1194 542 1231 582 a
1277 521 1408 582 suis
1456 517 1926 604 parochialibus
1985 517 2290 598 subditis,
2348 519 2452 583 ubi
2505 519 2892 584 domicilium
2950 523 3087 574 1536

819 632 1062 704 mutare
1110 624 1445 705 voluerint,
1490 626 1796 712 pecunias
1846 624 2206 710 emulgeant
2237 635 2301 704 ει).

406 731 673 814 Volenti
720 747 1110 814 domicilium
1157 757 1401 815 mutare
1451 759 1516 816 et
1560 750 1684 815 alio
1729 752 2001 835 migrare
2048 750 2221 814 nulla
2266 773 2424 837 opus
2473 761 2571 816 est
2630 751 2893 837 parochi

229 865 338 921 aut
384 857 667 942 episcopi
713 856 971 921 licentia
1034 866 1099 920 et
1157 856 1223 920 id
1284 860 1552 944 quisque
1599 879 1716 944 pro
1772 857 1956 922 libito
2003 856 2216 923 facere
2277 866 2523 944 potest:
2583 883 2636 924 c.
2696 860 2753 924 fi.
2814 858 2894 923 de

171 971 206 1024 5
229 962 520 1049 parochis
554 966 615 1044 ¹).
706 971 1094 1050 quapropter
1140 966 1193 1028 si
1239 987 1356 1050 pro
1404 987 1479 1030 ea
1522 966 1798 1052 pecunia
1844 959 2136 1050 exigitur,
2183 964 2416 1031 abusus
2464 974 2529 1030 et
2561 966 2894 1032 tollendus.

229 1180 327 1242 89.
420 1177 977 1254 Quemadmodum
1040 1180 1361 1264 sepulture
1419 1181 1517 1265 jus
1579 1179 1962 1264 quibusdam
2021 1187 2413 1244 mortuorum
2473 1181 2893 1246 cadaveribus

1048 1309 1278 1370 magno
1327 1289 1408 1350 sit
1455 1308 1561 1350 ere
1607 1285 2064 1351 redimendum.

406 1409 824 1475 Interdictum
885 1421 985 1475 est
1050 1411 1343 1475 omnibus
1404 1409 1788 1476 Christianis
1857 1414 2121 1476 mortuis
2190 1421 2421 1476 terram
2479 1412 2758 1477 vendere
2830 1424 2896 1478 et

227 1516 509 1582 debitam
556 1518 945 1604 scpultm·am
978 1517 1324 1602 denegare:
1374 1540 1427 1582 c.
1476 1520 1539 1583 in
1571 1517 2008 1583 ecclesiastico
2047 1529 2144 1585 13.
2191 1543 2250 1604 q.
2286 1529 2321 1584 2
2356 1522 2421 1600 ²),
2469 1520 2576 1584 ubi
2624 1519 2890 1585 dicitur:

142 1633 205 1684 10
225 1627 289 1688 in
360 1625 794 1690 ecclesiastico
872 1624 1036 1690 libro
1117 1628 1423 1711 scriptum
1494 1634 1591 1690 est
1672 1633 1920 1690 mortuo
1989 1648 2115 1689 non
2185 1624 2525 1712 prohibeas
2608 1628 2893 1711 gratiam,

225 1733 521 1818 quoniam
568 1754 786 1796 omnes
830 1733 1198 1810 moriemur,
1261 1741 1325 1797 et
1383 1735 1535 1796 item
1582 1733 1794 1797 omnia
1850 1754 1972 1817 que
2018 1731 2099 1798 de
2159 1741 2328 1797 terra
2372 1743 2512 1798 orta
2578 1741 2759 1814 sunt,
2827 1734 2894 1797 in

223 1848 454 1904 terram
502 1847 976 1904 convertentur:
1038 1840 1195 1926 quid
1249 1849 1416 1904 terra
1474 1849 1705 1904 terram
1765 1838 2037 1904 vendis?
2126 1849 2445 1905 memento
2492 1839 2664 1926 quod
2724 1849 2894 1905 terra

226 1969 295 2011 es
343 1955 408 2011 et
452 1950 517 2011 in
563 1954 794 2012 terram
841 1949 1195 2012 reverteris
1267 1955 1331 2012 et
1377 1948 1443 2012 in
1489 1970 1543 2012 c.
1588 1955 1929 2035 postquam
1956 1949 2003 2028 ³)
2064 1956 2129 2011 et
2173 1970 2228 2012 e.
2275 1946 2759 2035 precipiendum
2818 1971 2890 2012 ea

224 2076 419 2119 causa
451 2061 514 2118 et
545 2076 603 2140 q.
632 2057 677 2136 ⁴)
714 2094 794 2101 —-
810 2080 826 2134 ;
861 2063 925 2119 et
956 2054 1269 2120 abolenda
1301 2063 1400 2120 est
1430 2057 1634 2119 omnis
1667 2056 1986 2120 contraria
2016 2054 2445 2120 consuetudo:
2493 2078 2547 2120 c.
2579 2055 2891 2121 abolende

138 2166 202 2220 15
225 2163 307 2228 de
377 2161 599 2248 sepult.
713 2160 939 2248 quodsi
1000 2184 1333 2248 perperam
1394 2171 1591 2246 agunt
1651 2163 1763 2248 qui
1822 2161 2210 2248 sepulturam
2275 2161 2562 2228 vendunt
2623 2161 2721 2228 his
2782 2166 2891 2248 qui

224 2271 385 2334 citra
452 2291 702 2334 omnem
761 2270 1259 2335 controversiam
1328 2277 1478 2333 sunt-
1545 2270 1715 2354 quod
1787 2271 1880 2334 eis
1950 2253 2355 2355 deneganda⁸
2395 2271 2480 2335 sit
2547 2270 2891 2357 sepultura,

223 2385 460 2463 quanto
520 2378 718 2461 magis
781 2377 1079 2441 aberrant
1124 2379 1233 2463 qui
1280 2376 1560 2462 indignis
1608 2385 1719 2441 aut
1765 2375 1845 2441 de
1893 2377 2121 2461 quibus
2169 2378 2381 2463 aliqua
2442 2387 2539 2442 est
2595 2377 2888 2442 dubietas

221 2483 393 2570 quod
438 2483 613 2549 nulla
657 2485 1008 2569 penitentie
1055 2485 1236 2568 signa
1295 2485 1752 2570 precesserint,
1812 2492 2142 2548 numerata
2200 2494 2310 2548 aut
2370 2487 2580 2569 potius
2642 2493 2889 2548 extorta

220 2593 494 2679 pecunia
537 2590 619 2657 ad
666 2591 1161 2658 ecclesiasticam
1210 2592 1599 2680 sepulturam
1646 2588 2004 2657 admittunt.

127 2794 203 2847 20
275 2792 374 2853 90.
472 2788 559 2854 Ut
609 2790 895 2876 plerique
945 2789 1363 2854 ecclesiastici
1414 2790 1609 2853 vitam
1655 2789 1900 2874 laycam
1949 2789 2258 2875 planeque
2307 2790 2576 2852 rixosum
2627 2798 2832 2870 agant.

399 2914 490 2979 Hi
538 2924 687 2980 sunt
731 2937 771 2979 a
816 2916 946 2980 suis
994 2913 1329 2980 ordinariis
1376 2912 1733 2999 corrigendi
1782 2923 1845 2977 et
1891 2913 2215 2999 puniendi.

400 3097 495 3157 91.
588 3094 800 3172 Quam
871 3117 1028 3158 vero
1090 3095 1303 3178 inique
1363 3100 1555 3175 agant
1623 3093 1912 3177 episcopi
1984 3090 2155 3177 quod
2223 3091 2546 3177 persoluta
2615 3095 2886 3178 pecunia

222 3200 681 3267 concubinatus
740 3209 802 3266 et
863 3201 1022 3266 alios
1083 3200 1381 3264 tollerant
1440 3222 1741 3264 excessus
1763 3249 1777 3277 ,
1839 3200 1994 3263 satis
2057 3220 2373 3284 superque
2421 3201 2711 3285 superius
2772 3199 2884 3264 dc-

222 3308 535 3372 duximuS.

125 3471 199 3524 25
223 3454 324 3518 92.
417 3452 568 3529 Quo
632 3461 823 3538 pacto
886 3451 1168 3515 nonnulli
1229 3451 1643 3516 ecclesiastici
1710 3449 2001 3536 publicas
2061 3459 2393 3515 exerceant
2457 3449 2752 3514 tabernas
2821 3460 2882 3515 ct

578 3568 582 3572 “
1129 3559 1352 3623 illicita
1397 3558 1735 3623 corrodant
1782 3558 1975 3622 lucra.

397 3667 503 3732 Ab
550 3666 884 3732 ordinariis
932 3674 1080 3731 sunt
1125 3665 1501 3732 cohercendi
1552 3674 1615 3731 et
1660 3664 1985 3752 puniendi.

218 3832 319 3892 93.
410 3827 753 3906 Quomodo
814 3828 1229 3893 ecclesiastici
1294 3825 1691 3891 moribundis
1760 3835 1826 3890 ut
1889 3846 2038 3889 suos
2099 3836 2162 3888 et
2220 3825 2565 3909 legittimus
2613 3824 2880 3891 heredes

1117 3935 1499 4001 defraudent
1546 3933 1985 4020 persuadeant.

122 4062 198 4114 30
396 4062 923 4148 Reprehensibile
957 4072 1056 4127 est
1101 4070 1167 4127 et
1196 4059 1654 4147 corrigendum,
1701 4060 1754 4124 si
1788 4058 1964 4125 fraus
2006 4058 2462 4137 intercesserit3
2512 4081 2638 4122 non
2669 4067 2880 4122 tamen

216 4168 741 4255 reprehendenda
785 4172 893 4257 pia
936 4169 1161 4255 legata.

260 4302 279 4305 -
358 4302 547 4397 ⁸)-St'r3-
654 4299 689 4306 ‘⁶
736 4300 747 4305 ⁴

366 4457 402 4513 ¹⁸)
439 4458 562 4511 Lib.
601 4458 713 4510 III
742 4459 823 4510 tit.
862 4462 936 4509 29
971 4473 1012 4510 c.
1054 4460 1102 4509 5.

362 4546 401 4597 ἰ
440 4564 482 4601 e.
524 4549 592 4601 14
633 4547 687 4601 C.
730 4550 793 4599 13
831 4564 878 4614 q.
918 4552 972 4600 2.

118 4627 194 4679 35
364 4637 401 4704 “pp
440 4654 482 4690 c.
524 4642 593 4689 13
630 4635 685 4690 G.
725 4640 791 4690 13
827 4655 873 4706 q.
911 4640 965 4690 2.

360 4725 401 4783 ⁴}
439 4742 482 4779 c.
524 4730 587 4779 15
625 4726 681 4781 0.
724 4730 787 4779 13
822 4744 870 4796 q.
910 4730 963 4780 2.

2338 4809 2450 4862 27*
