3500 5300
537 354 640 418 118
1465 356 1563 414 No.
1601 358 1697 414 25:
1736 358 1874 414 1537
1912 357 2143 414 Februar-
2180 359 2263 415 19.

321 556 460 607 1537
531 564 597 619 et
653 554 933 619 secondo
990 554 1050 618 10
1107 555 1245 620 1010
1305 556 1478 620 forze
1539 555 2008 621 s'cxhibiscono
2075 556 2215 620 fare
2275 554 2639 620 bon'officio
2696 575 3006 642 appresso
3064 552 3201 620 Sua

264 624 405 680 ΓΜ·
446 629 512 681 ¹⁹
527 660 785 726 Maesta
801 685 820 740 ;
881 684 986 726 ma
1045 664 1154 747 pia
1211 660 1381 747 degl’
1425 663 1570 727 altri
1616 662 1660 726 il
1706 662 1837 726 Ru·
1884 661 2267 747 salzburgo,
2325 661 2474 747 qual
2531 661 2947 727 humflmente
3016 661 3201 727 basia

529 767 572 831 li
619 767 793 853 piedi
841 791 878 832 a
925 766 1055 833 Sua
1101 767 1386 847 Santita,
1447 777 1512 832 et
1555 767 1598 832 l’
1642 768 1797 833 11100
1842 778 2029 834 conte
2074 768 2389 834 Federico
2434 766 2760 847 Palatino,
2804 768 2955 855 qual
3001 770 3200 834 etiam

528 896 644 960 per
687 877 946 960 proprio
993 877 1301 941 interesse
1346 897 1464 961 per
1507 876 1552 939 il
1597 898 1796 961 regno
1842 875 1909 940 di
1955 874 2161 940 Dacia
2204 875 2268 939 lo
2315 873 2615 940 desidera
2658 896 2850 961 sopra
2892 874 3106 939 modo,

703 979 762 1044 11
821 981 1117 1066 predetto
1177 992 1365 1046 conte
1425 980 1721 1047 Palatino
1782 1005 1901 1067 per
1959 981 2152 1067 longo
2212 983 2429 1067 spacio
2491 981 2558 1047 di
2617 991 2834 1067 tempo
2892 981 3074 1067 parlo
3134 981 3198 1045 al
3250 997 3287 1050 5

526 1086 1004 1153 ambasciadore
1036 1090 1146 1174 qui
1175 1086 1498 1153 residente
1528 1087 1611 1153 de
1643 1086 1686 1152 l’
1715 1090 2099 1174 imperatore
2131 1092 2175 1169 ¹)
2222 1098 2289 1152 et
2328 1111 2366 1152 a
2410 1110 2511 1152 me
2543 1110 2660 1174 per
2702 1088 2751 1153 il
2780 1087 2965 1153 detto
2994 1110 3198 1173 regno

526 1192 591 1258 di
621 1192 826 1258 Dacia
851 1197 919 1277 ²),
964 1194 1382 1280 protestando
1429 1196 1611 1280 quasi
1643 1194 2042 1260 ch’havendo
2088 1194 2297 1259 l'anno
2344 1197 2603 1281 passato
2648 1194 2814 1259 fatto
2860 1193 2970 1259 dal
3006 1204 3197 1258 canto

526 1321 643 1364 suo
689 1312 928 1386 quanto
973 1301 1057 1365 ha
1115 1310 1382 1387 possuto
1441 1324 1559 1388 per
1614 1302 1678 1366 18
1735 1303 2219 1388 recuperatione
2279 1301 2492 1366 d’esso
2536 1308 2617 1366 ne
2662 1301 2822 1366 hora
2865 1292 3195 1387 possendo

524 1406 610 1471 da
653 1429 723 1472 se
769 1407 908 1471 fare
955 1406 1022 1471 di
1067 1409 1198 1493 piu,
1243 1407 1306 1472 10
1352 1408 1695 1474 notificava
1725 1431 1763 1473 a
1795 1406 1927 1473 Sua
1966 1407 2220 1474 Santita
2267 1417 2333 1473 et
2377 1431 2416 1473 a
2446 1407 2579 1472 Sua
2609 1406 2890 1473 Cesarea
2920 1408 3195 1487 Maesta,

524 1535 705 1579 come
752 1536 790 1577 a
835 1514 1170 1599 principali
1201 1515 1343 1601 oapi
1375 1514 1458 1580 de
1504 1514 1569 1580 la
1612 1514 1920 1601 religione
1952 1514 2316 1594 christiana,
2361 1515 2535 1601 quali
2580 1514 2928 1580 havessero
2974 1536 3015 1579 a
3043 1537 3193 1601 pro-
3212 1530 3282 1584 10

525 1620 760 1686 vedere
817 1619 1418 1705 agl’inconvenienti
1476 1620 1558 1685 de
1615 1620 1969 1686 Lutherani
2028 1630 2095 1687 et
2162 1644 2200 1686 a
2244 1622 2305 1686 la
2373 1620 2578 1687 salute
2635 1619 2717 1686 de
2762 1619 3036 1686 l’anime.
3125 1631 3194 1685 et

524 1725 1050 1792 dimostrandomi
1081 1725 1520 1813 l'importanza
1550 1727 1667 1793 che
1697 1729 1911 1815 quello
1941 1750 2157 1812 regne,
2188 1730 2328 1793 anzi
2359 1728 2553 1814 quelli
2584 1730 2762 1813 regni
2796 1767 2879 1775 —
2916 1727 3191 1793 essendo

524 1836 863 1918 congiunte
921 1832 983 1898 la
1027 1832 1243 1914 Datia,
1299 1833 1362 1899 18
1405 1833 1732 1919 Norvegia
1792 1845 1859 1899 et
1892 1835 1958 1900 18
2002 1834 2226 1900 Suetia
2272 1875 2355 1883 —
2405 1836 2584 1900 siano
2642 1833 2840 1899 d'uno
2898 1835 3191 1921 principe

525 1939 889 2018 christiane,
934 1939 1167 2026 perche
1214 1940 1298 2005 da
1342 1963 1467 2005 una
1510 1951 1692 2027 parte
1739 1940 1839 2006 v’e
1883 1940 2355 2027 l¹Inghelterra,
2413 1941 2499 2006 da
2550 1940 2756 2007 l'altm
2800 1940 2863 2005 la
2908 1940 3193 2007 Saxonia

524 2057 590 2110 et
634 2046 680 2109 il
712 2069 903 2133 paese
936 2045 1004 2111 di
1035 2045 1465 2132 LandgraviO,
1496 2056 1562 2112 et
1590 2050 1855 2113 nissuna
1892 2070 2171 2134 persona
2201 2047 2471 2114 sarebbe
2503 2051 2615 2135 piu
2646 2057 2783 2114 atta
2813 2069 2854 2112 8
2881 2046 3191 2134 l'expedi—
3214 2063 3283 2117 15

523 2155 696 2218 tione
755 2161 977 2217 contra
1028 2155 1240 2239 questi
1299 2153 1523 2240 perfidi
1584 2153 1812 2219 ch’uno
1871 2155 2126 2241 signore
2187 2153 2372 2219 fidele
2418 2154 2500 2220 de
2542 2154 2737 2241 quelli
2780 2157 2963 2240 regni
2978 2179 2996 2234 ;
3041 2162 3107 2218 et
3154 2177 3191 2219 0

522 2281 831 2324 converso
888 2259 1157 2326 sarebbe
1213 2263 1396 2347 quasi
1456 2260 1854 2346 impossibile
1914 2283 2036 2325 con
2082 2261 2258 2326 forze
2304 2262 2577 2326 humane
2623 2260 2948 2326 eradicare
2992 2260 3191 2346 quelli

522 2366 785 2430 heretici
834 2366 1319 2447 settentrionali,
1365 2366 1625 2452 quando
1670 2367 1923 2433 fussero
1980 2369 2142 2433 uniti
2188 2369 2472 2433 insieme.
2544 2388 2853 2454 appresso
2897 2366 3192 2432 m’addu-

522 2496 682 2537 ceva
724 2472 787 2538 la
832 2472 1052 2539 facilta
1080 2472 1147 2538 di
1187 2473 1326 2538 fare
1357 2472 1694 2560 l'impresa,
1741 2474 2015 2540 essendo
2049 2474 2243 2562 quelli
2287 2474 2508 2561 popoli
2554 2474 2752 2539 molto
2798 2474 3059 2540 alienati
3103 2473 3195 2540 da

522 2588 750 2666 questo
796 2602 864 2645 re
910 2603 1027 2667 per
1068 2580 1116 2644 li
1164 2582 1306 2645 suoi
1347 2579 1496 2645 mali
1528 2579 1996 2667 deportamenti
2024 2583 2091 2666 3),
2136 2580 2322 2668 quale
2368 2581 2472 2645 fra
2515 2579 2719 2646 l'altre
2765 2602 2916 2648 0088
2961 2581 3047 2646 118
3077 2603 3191 2646 ex·
3209 2596 3285 2652 20

521 2686 707 2772 pulso
768 2690 917 2752 tutti
977 2688 1022 2752 li
1082 2687 1309 2774 prelati
1369 2687 1452 2753 de
1515 2687 1575 2752 le
1634 2687 1849 2753 chiese
1909 2696 1976 2753 et
2033 2697 2259 2774 quatro
2317 2689 2653 2775 principali
2713 2691 2977 2754 vescovi
3039 2699 3191 2754 tene

521 2795 895 2858 incarcerati
956 2803 1022 2859 et
1079 2801 1115 2857 0
1175 2793 1591 2859 consederam
1659 2817 1783 2858 con
1842 2795 1887 2858 li
1945 2794 2223 2881 predetti
2284 2797 2557 2881 principi
2615 2795 2937 2860 lutherani
2994 2804 3061 2860 et
3127 2795 3193 2860 al

522 2911 820 2987 presente
866 2900 950 2965 ha
994 2900 1296 2965 mandato
1344 2902 1486 2966 suoi
1532 2900 1994 2966 ambasciadori
2040 2923 2080 2965 a
2122 2902 2186 2966 18
2231 2901 2406 2967 dieta
2450 2901 2517 2967 di
2549 2900 3065 2966 Smalchaldium.
3124 2911 3195 2966 et

521 3009 608 3071 mi
665 3007 749 3072 ha
807 3017 1074 3093 pregato
1133 3007 1348 3093 voglia
1406 3008 1451 3071 il
1506 3017 1674 3072 tutto
1719 3007 1860 3073 fare
1907 3007 2243 3074 intendere
2291 3031 2330 3073 a
2375 3006 2508 3073 Sua
2552 3007 2805 3074 Santita
2819 3057 2838 3088 ‚
2906 3018 2974 3075 et
3041 3007 3193 3094 ogn’

521 3136 648 3178 uno
708 3113 1056 3180 m'afferma
1116 3113 1381 3179 ch'oltra
1438 3114 1501 3179 la
1562 3114 1768 3180 salute
1823 3113 1905 3180 de
1964 3113 2219 3181 l'anime
2280 3114 2363 3180 de
2407 3114 2602 3201 quelli
2648 3116 2869 3202 popoli
2918 3115 3191 3181 sarebbe
3209 3130 3281 3184 25

522 3221 800 3286 anchora
857 3220 923 3285 di
980 3220 1406 3305 grandissimo
1462 3219 1704 3285 honore
1765 3220 1830 3286 di
1879 3220 2011 3287 Sua
2056 3220 2341 3302 88111118,
2401 3244 2471 3287 88
2525 3244 2719 3308 sopra
2761 3223 2865 3286 cio
2909 3221 3191 3287 facendo

522 3327 790 3414 qualche
836 3327 1340 3393 consideratione
1387 3329 1442 3391 si
1489 3337 1748 3413 potesse
1797 3327 2252 3393 11(11111·8181111
2300 3330 2478 3415 paesi
2523 3351 2562 3392 a
2605 3328 2670 3392 la
2713 3327 3059 3394 devotione
3103 3328 3189 3393 de

521 3434 584 3499 la
629 3434 782 3500 sede
829 3434 1184 3521 apostolica
1230 3445 1296 3499 et
1340 3457 1380 3498 a
1422 3435 1486 3498 la
1531 3456 1686 3500 vera
1731 3435 2067 3520 religione,
2113 3446 2179 3500 et
2222 3434 2267 3499 il
2312 3434 2609 3521 predetto
2656 3445 2846 3501 conte
2890 3434 3190 3501 Palatino

521 3540 692 3606 m’ha
735 3540 916 3606 detto
963 3542 1079 3606 che
1138 3542 1226 3606 mi
1288 3540 1595 3605 mandara
1638 3543 1750 3627 piu
1796 3542 2176 3627 particulare
2222 3542 2590 3628 ragguaglio
2638 3552 2705 3606 et
2748 3544 2864 3628 piu
2909 3543 3190 3628 explica-

521 3657 803 3713 tamente
850 3647 989 3713 dira
1034 3648 1076 3711 11
1125 3647 1447 3713 desiderio
1494 3670 1631 3728 suo,
1679 3648 1781 3713 del
1831 3648 2018 3735 quale
2065 3671 2145 3713 ne
2193 3648 2348 3713 (1810
2394 3650 2576 3713 aviso
2622 3671 2661 3713 a
2704 3646 2794 3714 V.
2842 3647 2907 3714 S.
3205 3663 3277 3716 30

698 3754 778 3820 In
823 3765 1051 3841 questa
1096 3754 1272 3820 dieta
1330 3755 1495 3819 satta
1552 3757 1661 3841 qui
1708 3778 1746 3819 a
1791 3753 2063 3820 Patavia
2106 3755 2150 3818 li
2211 3756 2607 3842 soprascritti
2652 3758 2930 3843 principi
2975 3756 3187 3821 hanno

523 3861 827 3940 stabilito,
874 3862 1263 3927 occorrendo
1325 3861 1370 3926 il
1419 3861 1692 3947 bisogno
1739 3885 1858 3949 per
1901 3861 1963 3926 la
2009 3873 2248 3928 venuta
2293 3862 2399 3927 (101
2443 3861 2675 3942 Τιι100,
2720 3862 2785 3928 di
2833 3863 2974 3928 fare
3018 3873 3189 3928 tutta

522 3967 735 4054 quella
779 3970 1145 4053 provisione
1190 3969 1309 4033 che
1367 3969 1442 4032 fu
1490 3969 1652 4033 satta
1698 3969 1803 4033 nel
1856 3978 2044 4048 1532,
2089 3968 2344 4055 quando
2389 3968 2814 4055 l'imperatore
2864 3974 2930 4034 vi
2978 3994 3185 4035 venne

523 4076 591 4138 in
648 4096 953 4160 persona;
1024 4084 1088 4139 et
1156 4084 1382 4160 questo
1451 4099 1518 4140 re
1579 4075 1746 4139 m'ha
1801 4074 1982 4140 detto
2028 4076 2148 4141 che
2195 4076 2254 4141 le
2299 4085 2468 4141 terre
2512 4075 2778 4141 franche
2824 4076 3095 4142 fai-anno
3140 4077 3185 4140 il

524 4181 869 4246 medesimo
915 4191 979 4246 et
1023 4182 1170 4246 tutti
1213 4180 1441 4266 gl'altri
1505 4184 1680 4266 regni
1739 4192 1803 4246 et
1849 4182 2061 4249 ducati
2110 4182 2175 4246 (li
2223 4181 2355 4248 Sua
2400 4183 2671 4263 Maesta,
2716 4182 2783 4247 di
2830 4183 3019 4249 modo
3065 4184 3270 4249 011035

525 4288 586 4352 (11
636 4311 764 4373 qua
807 4295 948 4353 sara
994 4290 1426 4353 ottimamente
1486 4292 1787 4375 provisto.
1879 4290 1921 4353 il
1983 4312 2241 4354 numero
2305 4289 2385 4354 de
2449 4290 2507 4353 10
2565 4292 2736 4373 genti
2800 4298 2942 4355 sara
3003 4293 3179 4377 quasi

671 4557 711 4622 ¹)
752 4555 826 4608 D.
866 4556 902 4609 i.
941 4556 1040 4610 der
1077 4555 1415 4624 Erzbischof
1437 4574 1542 4612 von
1579 4556 1764 4611 Lund.

668 4645 712 4712 ²)
759 4646 874 4714 Vyl.
911 4651 1084 4699 unum
1118 4663 1203 4700 nr.
1241 4648 1321 4702 41.

670 4733 710 4810 ⁸)
754 4734 865 4805 1⁷91.
906 4751 986 4787 ur.
1025 4738 1115 4787 20.
