3500 5300
1180 352 1281 406 Nc.
1320 353 1450 408 165:
1491 353 1631 408 1535
1663 352 1790 407 Juni
1827 353 1913 408 23.
2778 350 2885 411 4⁶1)

400 548 720 627 Quartum
766 548 938 634 quod
983 548 1178 634 aliqui
1229 572 1309 613 ex
1367 550 1795 636 principibuS‚
1855 572 2001 616 cum
2060 549 2292 636 quibus
2354 550 2544 615 modo
2593 554 2882 631 tractavi,
2954 553 3092 633 1535

207 653 526 720 dixerunt
567 655 723 720 mihi
767 655 938 740 quod
986 655 1329 741 diligenter
1391 654 1858 723 advertendum
1918 666 2014 721 est
2062 668 2127 721 et
2171 657 2531 722 cavendum
2585 681 2665 721 ne
2711 660 2883 743 prin·
2901 622 3044 676 Jum
3079 625 3157 676 23

205 764 398 849 cipes
448 762 783 828 elleetores
830 773 897 828 et
941 763 1049 828 alii
1094 766 1204 849 qui
1250 772 1401 828 sunt
1442 766 1512 829 in
1555 767 1825 850 imperio
1870 763 2151 830 habeant
2194 762 2360 828 forte
2409 761 2598 829 unam
2644 764 2880 829 dietam

204 870 614 955 imperialem
672 870 792 935 sub
850 869 972 935 hoc
1029 879 1316 956 pretcstu
1377 871 1548 958 quod
1597 873 1799 937 velint
1844 872 1997 937 dare
2044 894 2240 935 unum
2284 871 2575 955 generale
2622 895 2882 958 respon-

155 990 357 1042 5mm
407 975 492 1042 ad
553 999 629 1041 ea
685 1000 847 1062 quae
908 977 1034 1043 illis
1096 978 1333 1043 fuerint
1391 981 1718 1065 proposita
1765 982 1830 1043 in
1886 981 2152 1064 negocio
2208 979 2459 1042 concilii
2476 1003 2494 1059 3
2542 980 2689 1064 quia
2734 979 2880 1044 ‘talis

207 1082 399 1148 dieta
445 1093 621 1149 esset
664 1083 854 1150 valde
898 1086 1253 1171 periculosa
1300 1086 1488 1151 rebus
1533 1086 1700 1151 fidei.

397 1189 714 1268 Quintum
759 1200 824 1255 et
869 1192 1158 1256 ultimum
1204 1192 1377 1277 quod
1425 1215 1544 1278 cgo
1592 1192 1727 1257 dixi
1773 1191 2055 1258 Vestrae
2090 1191 2322 1258 Sacrae
2364 1192 2723 1279 Majcstati:
2771 1195 2882 1258 fiat

205 1299 376 1377 tale,
447 1298 620 1383 quod
668 1308 837 1362 ess‘et
879 1300 1308 1385 periculosum
1366 1322 1741 1386 responsum
1805 1299 1964 1365 illud
2016 1299 2330 1365 Cesareae
2386 1310 2451 1364 et
2507 1300 2879 1366 Catholicae

205 1405 609 1492 MajestatiS,
654 1405 824 1490 quod
873 1407 1122 1471 scilicet
1167 1406 1328 1471 nolit
1372 1409 1513 1494 ipsa
1571 1406 1866 1472 diffenire
1913 1416 2151 1473 certam
2206 1408 2531 1472 civitatem
2580 1431 2692 1493 pro
2738 1408 2878 1472 loco

129 1527 191 1578 1)
207 1513 497 1592 concilii,
543 1510 658 1576 sed
704 1512 1058 1598 relinquere
1105 1512 1227 1578 hoc
1288 1517 1353 1578 in
1400 1513 1661 1579 arbitrio
1709 1524 1775 1580 et
1821 1514 2205 1579 diffinitione
2254 1513 2622 1579 clleetorum
2670 1526 2732 1580 et
2780 1539 2879 1580 rc-

205 1619 532 1706 liquorum
600 1621 960 1705 principum
1005 1618 1416 1700 Germaniae,
1486 1629 1553 1685 et
1609 1621 1780 1707 quod
1840 1622 1967 1687 talc
2026 1645 2399 1707 responsum
2460 1644 2586 1686 non
2647 1621 2877 1687 debeat

207 1727 343 1791 ullo
393 1726 586 1791 modo
633 1726 1026 1792 manifestari
1060 1730 1302 1792 nationi
1335 1726 1775 1807 Germanicae,
1822 1732 1972 1814 quia
2003 1737 2491 1814 sequererentur
2521 1728 2647 1793 duo
2694 1730 2877 1807 mala,

206 1857 411 1899 unum
459 1833 634 1919 quod
679 1836 862 1919 quasi
922 1834 1002 1899 de
1063 1838 1445 1900 necessitate
1492 1838 1813 1922 principes
1861 1838 1984 1921 ipsi
2033 1835 2326 1904 Alemani
2377 1836 2619 1901 vellent·
2662 1836 2876 1901 facere

208 1941 459 2006 dietam
505 1963 621 2026 pro
668 1940 1047 2006 diffiniendo
1092 1942 1254 2022 loce,
1299 1952 1712 2029 posteaquam
1761 1942 2037 2008 Cesarea
2083 1954 2147 2007 et
2194 1942 2525 2008 Catholica
2570 1944 2875 2030 Majestas

127 2060 191 2112 15
209 2048 570 2113 dimitteret
625 2048 754 2114 illis
815 2050 1020 2134 ipsam
1078 2048 1528 2115 diffinitionem
1548 2075 1563 2129 3
1623 2050 1797 2115 aliud
1842 2049 2014 2136 quod
2056 2051 2279 2136 procul
2328 2049 2523 2114 dubio
2570 2053 2689 2136 ipsi
2739 2051 2877 2115 elli-

209 2165 444 2241 gerent
489 2155 701 2221 locum
746 2158 810 2219 in
857 2154 1068 2220 media
1114 2154 1458 2222 Germania
1504 2169 1568 2221 et
1615 2180 1741 2222 non
1788 2158 1957 2222 alibi.

392 2261 565 2327 Dico
625 2272 838 2328 autem
899 2265 1092 2346 (omni
1160 2287 1286 2349 qua
1353 2264 1557 2329 debeo
1628 2265 1986 2329 reverentia
2053 2275 2119 2329 et
2188 2266 2526 2351 impetrata
2596 2268 2783 2330 venia
2838 2288 2875 2330 a

207 2369 462 2438 Vestra
505 2369 714 2455 Regia
756 2368 1100 2457 Majestate
1149 2382 1218 2435 ut
1277 2375 1515 2458 possim
1574 2395 1813 2458 ponere
1859 2371 1978 2436 sub
2024 2370 2124 2436 his
2172 2372 2455 2437 articulis
2513 2375 2875 2458 opinionem

210 2499 438 2558 meam,
486 2479 880 2564 suppositam
924 2486 1140 2543 tamen
1186 2501 1437 2566 semper
1471 2478 1711 2566 judicio
1741 2482 1943 2565 ipsius
1973 2479 2335 2566 Majestatis
2367 2479 2669 2561 Vestrae)
2701 2479 2873 2565 qnod

127 2594 386 2652 20esset
429 2606 694 2651 necesse
740 2584 823 2651 ad
868 2586 1365 2652 continuandum
1421 2588 1752 2671 negocium
1809 2587 2163 2653 secundum
2228 2589 2399 2653 viam
2444 2588 2761 2673 inceptam
2810 2595 2875 2651 et

213 2694 427 2758 taliter
473 2692 646 2780 quod
692 2693 866 2758 nulla
909 2694 1075 2760 mala
1121 2704 1233 2758 aut
1289 2693 1590 2759 scandala
1649 2698 1931 2759 oriantur
1990 2704 2056 2759 et
2098 2693 2269 2780 quod
2317 2696 2527 2759 omnia
2570 2717 2873 2781 prospere

213 2800 663 2880 succederent,
729 2800 904 2888 quod
962 2802 1272 2888 Majestas
1319 2799 1565 2868 Vestra
1632 2801 1814 2867 daret
1879 2802 2035 2866 mihi
2097 2825 2252 2867 unas
2311 2802 2556 2866 litteras
2603 2804 2871 2888 scriptas

213 2911 633 2973 communiter
677 2906 760 2972 ad
806 2929 1023 2972 omnes
1070 2918 1274 2973 status
1322 2918 1386 2974 et
1430 2910 1700 2974 circulos
1747 2909 2146 2988 Germaniae,
2192 2913 2256 2974 in
2289 2910 2519 2994 quibus
2564 2912 2872 2995 scriptum

214 3025 384 3079 esset
428 3015 603 3102 quod
651 3014 928 3080 Cesarea
973 3025 1038 3079 et
1069 3015 1400 3081 Catholica
1441 3016 1750 3103 Majestas
1800 3026 1866 3080 et
1894 3014 2137 3083 Vestra
2183 3015 2368 3081 simul
2400 3018 2874 3103 acceptaverint

129 3124 540 3188 25civitatem
585 3123 893 3187 Mantuae
938 3145 1053 3209 pro
1099 3123 1241 3187 loco
1287 3124 1558 3202 concilii,
1606 3133 1671 3188 et
1716 3126 1784 3188 in
1830 3123 1929 3187 his
1975 3122 2203 3188 litteris
2251 3126 2336 3187 sit
2380 3147 2576 3189 unum
2608 3122 2873 3189 verbum

214 3229 387 3316 quod
458 3229 632 3295 dicat
698 3229 1035 3295 concilium
1096 3230 1444 3296 tenendum
1513 3229 1867 3296 seeundum
1934 3233 2259 3317 antiquam
2329 3230 2871 3296 consuetudinem.

214 3336 321 3401 vel
365 3338 422 3401 si
464 3359 591 3401 non
641 3335 894 3401 videtur
939 3337 1264 3423 Majestati
1311 3336 1592 3403 Vestrae
1638 3336 1915 3401 scribere
1963 3336 2124 3402 tales
2169 3338 2446 3417 litteraS,
2507 3347 2580 3403 ut
2636 3337 2873 3402 scribat

214 3443 369 3508 alias
414 3443 659 3508 litteras
706 3465 867 3529 qnae
926 3454 1274 3530 appareant
1331 3442 1609 3508 directae
1671 3443 1751 3507 ad
1799 3426 1931 3523 me,
1991 3444 2248 3530 qnando
2295 3467 2465 3509 eram
2512 3444 2720 3509 adhuc
2770 3444 2872 3509 vel

213 3549 536 3615 Monachii
583 3551 691 3615 vel
736 3549 1150 3636 Salczpurgii,
1196 3553 1258 3614 in
1306 3551 1535 3636 quibus
1583 3562 1800 3615 tamen
1845 3554 2245 3616 contineatur
2291 3551 2511 3615 eadem
2559 3553 2872 3615 sententia

129 3656 387 3744 30quod
455 3658 919 3724 sacratissimus
991 3660 1331 3744 imperator
1399 3667 1465 3722 et
1523 3657 1767 3725 Vestra
1826 3656 2021 3722 Sacra
2078 3658 2386 3744 Majestas
2447 3657 2869 3722 concluserint

215 3763 387 3850 quod
431 3766 556 3830 illis
604 3762 838 3829 debeat
883 3765 1136 3850 placere
1183 3766 1409 3829 civitas
1456 3764 1762 3829 Mantuae
1806 3786 1923 3851 pro
1970 3764 2112 3829 loco
2158 3765 2429 3829 concilii.

389 3871 580 3939 Tales
626 3872 877 3937 litterae
925 3870 1314 3958 supplebunt
1360 3895 1474 3958 pro
1522 3895 1649 3937 uno
1695 3880 1943 3936 oratore
1991 3871 2267 3936 Cesareo
2284 3921 2301 3952 ,
2360 3895 2551 3957 quem
2597 3895 2714 3955 ego
2760 3894 2871 3958 pe-

217 3978 426 4044 tebam
471 3990 541 4044 ut
587 3979 744 4044 mihi
790 3978 1243 4065 adjungeretur
1285 3980 1352 4042 in
1399 3977 1517 4043 hac
1563 3978 1880 4063 legatione
1913 3980 1975 4060 ¹).

389 4086 576 4152 Tales
624 4088 871 4152 litterae
917 4087 1159 4152 facient
1203 4085 1376 4171 quod
1422 4085 1568 4149 mali
1615 4087 1935 4172 principes
1990 4107 2116 4149 non
2163 4084 2489 4149 audebunt
2535 4085 2869 4153 dissentire

132 4202 198 4256 35
217 4194 384 4257 circa
424 4196 631 4280 ipsum
677 4195 885 4259 locum
943 4193 1227 4272 concilii,
1288 4194 1341 4256 si
1395 4193 1641 4257 scilicet
1695 4202 1923 4279 potero
1969 4193 2095 4257 illis
2140 4195 2269 4279 jam
2313 4191 2649 4256 ostendere
2696 4190 2871 4277 quod

218 4301 517 4367 hactenus
562 4323 732 4389 papa
779 4300 979 4367 Cesar
1023 4311 1089 4365 et
1134 4324 1246 4364 rex
1291 4300 1720 4364 Romanorum
1768 4302 1897 4364 sint
1944 4299 2309 4364 concordes·

389 4409 575 4475 Tales
621 4409 871 4474 litterae
919 4408 1143 4472 tollent
1189 4430 1269 4471 ex
1315 4416 1452 4471 toto
1498 4409 1905 4492 oppinionem
1961 4406 2142 4471 ducis
2188 4405 2494 4471 Willelmi
2542 4405 2709 4492 apud
2760 4427 2868 4469 eos

364 4658 404 4728 ¹)
441 4660 548 4715 Die
585 4661 827 4731 Beiyabe
863 4660 1009 4715 eines
1043 4656 1403 4714 kaiserliehen
1433 4655 1661 4713 Orators
1698 4674 1818 4712 war
1853 4656 1975 4712 dem
2014 4654 2270 4711 Nuntius
2305 4655 2695 4727 anescheaym
2728 4672 2865 4710 wor-

222 4748 344 4819 den,
377 4768 416 4805 8.
448 4769 518 4805 zu
557 4769 643 4805 nr.
684 4752 802 4805 155.
