3500 5300
1218 388 1318 444 No.
1356 390 1417 445 4:
1460 391 1598 446 1536
1634 388 1870 446 Oktober
1904 391 1991 447 24.
2871 391 2942 455 07

1339 587 1668 675 Principes
1712 587 1879 654 laici.

455 692 630 757 lllmss
686 716 895 760 comes
939 693 1266 759 Palatinus
1311 693 1544 760 elector
1588 695 1721 760 dux
1759 695 2095 761 Bavariae:
2142 695 2348 762 bonus
2392 703 2455 761 et
2500 697 2788 785 simplex,
2834 697 2945 763 sed

274 799 475 866 malos
545 799 740 867 habet
804 800 1193 867 consiliarios
1211 853 1225 882 ,
1295 809 1359 867 et
1418 803 1538 867 nisi
1605 802 1973 868 Fridericus
2039 804 2234 869 frater
2303 811 2692 889 occurreret,
2762 803 2944 870 facile

275 905 595 973 laberetur
637 909 705 973 in
751 909 950 997 pejus.

216 1030 255 1083 5
455 1015 611 1080 Dux
656 1016 976 1083 Saxoniae
1021 1016 1283 1082 elector:
1340 1016 1852 1083 Lutheranorum
1898 1025 2106 1105 caput.

453 1122 740 1188 Marchio
788 1122 1378 1211 Brandeburgensis
1422 1147 1628 1189 novus
1673 1122 1934 1190 elector:
1972 1125 2251 1212 juvenis,
2297 1130 2369 1189 ut
2413 1124 2585 1190 fama
2630 1125 2766 1210 fuit,
2812 1148 2942 1191 non

274 1228 620 1295 admodum
667 1230 917 1315 firmus,
980 1231 1090 1296 sed
1146 1230 1334 1319 longe
1379 1230 1699 1296 dissimilis
1745 1231 2042 1298 defuncto
2089 1233 2256 1320 patri
2313 1239 2377 1299 et
2421 1231 2539 1298 hoc
2584 1231 2667 1297 ob
2711 1234 2943 1320 impor-

274 1337 608 1403 tunitatem
678 1339 900 1403 matris
923 1389 939 1420 ,
1008 1340 1236 1403 sororis
1293 1338 1473 1404 ducis
1532 1338 1882 1420 Saxoniae,
1952 1361 2143 1427 quam
2215 1347 2424 1405 tamen
2486 1339 2719 1405 dicitur
2776 1363 2817 1405 a
2877 1362 2944 1406 se

272 1442 579 1510 alienasse
627 1452 692 1511 et
735 1452 1024 1512 constare
1069 1445 1279 1512 adhuc
1324 1447 1388 1511 in
1434 1446 1562 1512 fide
1606 1469 1801 1534 opera
1845 1447 1962 1511 Rmi
2004 1446 2244 1512 domini
2289 1445 2629 1513 cardinalis
2673 1447 2942 1535 Mogun-

178 1567 253 1622 10
273 1553 389 1616 tini
437 1554 572 1639 ejus
615 1555 844 1640 patrui.

451 1659 816 1726 Fridericus
874 1683 1083 1727 comes
1129 1659 1459 1727 Palatinus
1518 1661 1654 1728 dux
1701 1661 2019 1728 Bavariae
2078 1661 2362 1728 electoris
2406 1661 2682 1727 Palatini
2728 1663 2940 1747 frater,

269 1767 380 1853 qui
428 1765 624 1831 filiam
653 1768 819 1853 regis
850 1767 1180 1834 Danorum
1211 1769 1695 1855 primogenitam
1728 1768 1934 1852 duxit,
1980 1766 2269 1835 Caesaris
2314 1792 2349 1834 e
2395 1791 2606 1835 sorore
2651 1777 2939 1856 neptem:

270 1870 478 1938 bonus
522 1876 589 1938 in
634 1873 779 1957 fide,
826 1874 1168 1949 admodum
1202 1875 1481 1962 prudens
1527 1883 1590 1941 et
1620 1875 1930 1963 plurimae
1961 1877 2353 1941 auctoritatis
2396 1876 2569 1962 apud
2600 1874 2940 1943 Caesarem

267 1989 333 2046 et
377 1982 443 2045 in
490 1988 623 2046 tota
668 1981 1028 2048 Germania.

178 2104 247 2157 15
451 2086 807 2154 Willelmus
853 2098 914 2154 et
955 2110 970 2197 e
1021 2090 1246 2155 fratres
1276 2089 1468 2154 duces
1501 2089 1832 2173 Bavariae‚
1879 2091 2094 2176 magni
2133 2090 2477 2176 principes:
2524 2090 2590 2154 in
2633 2088 2759 2156 fide
2792 2113 2939 2156 con-

446 2194 815 2263 Ludovicus
909 2241 915 2247 -
953 2202 970 2297 ᾖ
1110 2198 1490 2263 stantissimi.

447 2301 897 2371 Ottohenricus
1016 2305 1210 2370 duces
1255 2304 1585 2385 Bavariae,
1632 2302 1918 2370 electoris
1956 2303 2231 2369 Palatini
2276 2327 2358 2370 ex
2405 2304 2599 2369 fratre
2658 2313 2936 2391 nepotes,

446 2409 779 2498 Philippus
1105 2412 1453 2478 Caesareae
1499 2411 1792 2476 Maestati
1841 2412 2179 2476 carissimi:
2230 2411 2378 2477 boni
2423 2412 2490 2476 in
2534 2411 2675 2477 fide.

448 2519 604 2585 Dux
637 2518 951 2607 Georgius
981 2519 1330 2586 Saxoniae:
1379 2520 1654 2606 optimus
1696 2520 2010 2606 princeps,
2056 2520 2403 2584 acerrimus
2447 2518 2741 2585 defensor
2785 2518 2934 2585 fidei

171 2625 459 2714 widque
504 2628 570 2692 in
617 2626 839 2692 mediis
883 2625 1140 2714 ignibus
1187 2626 1521 2693 Saxoniae.

446 2733 761 2821 Georgius
806 2735 1086 2800 marchio
1132 2732 1759 2820 Brandeburgensis:
1807 2756 2008 2820 nuper
2053 2732 2564 2799 Lutheranorum
2613 2734 2933 2799 maximus

262 2842 494 2924 fautor,
541 2866 711 2908 nunc
757 2841 1099 2929 aliquando
1144 2844 1404 2929 aequior
1449 2863 1604 2927 erga
1647 2863 1765 2905 nos
1812 2842 2032 2906 factus.

445 2947 747 3015 Albertus
792 2948 1085 3015 Oasimiri
1131 2947 1298 3013 filius
1343 2946 1744 3012 adulescens:
1803 2948 1921 3013 sub
1968 2947 2165 3013 tutela
2209 2949 2514 3035 praedicti
2562 2946 2839 3033 Georgii.

446 3054 659 3121 Duces
690 3056 1137 3121 Brusvicenses
1179 3063 1241 3121 et
1271 3053 1889 3142 Lunembergenses:
1937 3054 2134 3142 aliqui
2152 3043 2410 3139 barum,
2456 3054 2652 3142 aliqui
2681 3052 2929 3119 illarum

168 3175 241 3230 25
260 3164 558 3251 partium.

444 3269 658 3336 Duces
703 3270 1147 3335 Pomeraniae:
1194 3269 1416 3335 eodem
1461 3270 1668 3337 mod0.

442 3377 599 3444 Dux
643 3377 1024 3443 Juliacensis
1071 3399 1341 3461 magnus
1386 3378 1713 3463 princeps:
1765 3374 1968 3442 bonus
2011 3378 2078 3440 in
2122 3376 2264 3442 fide.

442 3484 600 3550 Dux
645 3483 1195 3570 Virtenbergensis
1221 3489 1294 3568 ⁸).

440 3593 869 3680 Lantgravius
918 3592 1213 3656 Hassiae:
1262 3590 1771 3656 Lutheranorum
1817 3591 2282 3677 antesignanus.

167 3712 241 3766 30
441 3698 747 3766 Civitates
793 3698 1027 3764 liberae
1087 3700 1217 3764 fere
1277 3720 1492 3763 omnes
1551 3698 1823 3763 infectae
1885 3705 2134 3784 praeter
2180 3694 2508 3762 Coloniam
2566 3704 2629 3762 et
2673 3695 2921 3784 Spiram

258 3817 323 3874 et
372 3847 455 3857 —
503 3830 696 3895 opera
739 3804 1079 3871 cardinalis
1123 3805 1483 3892 Moguntini
1532 3842 1617 3852 —
1663 3805 2076 3891 Moguntiam.

438 3916 639 3981 Sicuti
683 3922 745 3979 et
791 3913 1200 3978 Treverensis
1247 3915 1474 3978 civitas
1519 3921 1583 3978 et
1626 3913 1834 3998 patria
1878 3912 2086 3976 studio
2132 3912 2229 3976 sui
2275 3910 2728 3997 archiepiscopi
2775 3932 2920 3997 syn-

255 4044 404 4088 cera
451 4031 747 4087 remanet.
1176 4069 1179 4074 .

437 4129 525 4194 Et
569 4129 937 4194 Leodiensis
995 4136 1215 4216 potens
1276 4136 1339 4193 et
1408 4125 1715 4213 populosa
1771 4126 1944 4212 regio
2000 4126 2118 4190 etsi
2192 4126 2363 4191 cinta
2420 4124 2551 4190 fere
2610 4123 2918 4207 hereticis,

166 4247 238 4301 35
256 4245 471 4303 tamen
530 4238 761 4302 virtute
820 4235 1189 4323 amplissimi
1246 4232 1586 4300 cardinalis
1645 4234 1926 4319 episcopi
1988 4230 2350 4297 Leodiensis
2408 4233 2657 4318 integra
2708 4230 2919 4296 adhuc

254 4353 633 4432 perseverat.

436 4450 742 4517 Civitates
771 4467 834 4515 et
863 4449 1098 4537 oppida
1127 4447 1592 4537 patrimonialia
1622 4445 1797 4512 Sermi
1833 4447 2000 4533 regis
2027 4446 2460 4511 Romanorum
2505 4446 2642 4533 ejus
2681 4445 2916 4510 eximia

251 4557 566 4646 probitate
610 4547 894 4644 perstant
934 4559 1001 4621 in
1045 4556 1186 4621 fide.

396 4809 439 4859 a)
468 4808 562 4850 Sic!

2409 4874 2486 4929 50

3014 560 3157 646 153&

2967 660 3089 717 Okt.
3124 665 3198 717 24
