3500 5300
386 546 525 598 1536

579 344 688 409 Μ
1691 352 1792 408 No,
1831 355 1931 408 1⁴¹:
1973 354 2126 410 1536.

760 546 849 610 Ut
909 551 1123 611 tamen
1182 545 1277 611 his
1322 545 1789 613 Germanorum
1849 550 2118 635 querelis
2174 548 2388 637 aliqua
2445 573 2528 614 ex
2586 560 2766 637 parte
2812 574 3242 636 occurramus,

581 674 898 718 censerem
959 655 1012 716 si
1069 675 1191 740 que
1250 655 1724 719 constitutiones
1780 653 1862 720 ob
1922 639 2279 742 temporum
2340 660 2710 722 varietatem
2781 660 2990 723 minus
3061 658 3245 723 utiles

580 769 804 840 essent,
851 770 922 824 ut
968 759 1354 825 moderande
1400 761 1501 825 vel
1547 762 1952 848 explanande
1995 763 2217 846 soient,
2265 765 2355 827 eis
2401 787 2638 829 morem
2678 765 3049 849 gerendum,
3098 788 3240 830 cum

581 888 704 930 non
753 868 833 930 sit
877 867 1366 954 reprehensibile
1426 868 1770 933 secundum
1821 870 2188 934 varietatem
2262 878 2615 956 temporum
2686 871 2947 936 consilia
3004 874 3240 936 variari

581 971 873 1038 humana.
945 973 1261 1060 aliquibus
1306 973 1627 1039 literarum
1674 977 1936 1040 scientia
1981 977 2243 1062 preditis
2289 976 2706 1042 demandetur
2736 980 3089 1064 provincia,
3134 981 3239 1066 qui
3285 992 3316 1040 5

580 1079 909 1166 diligenter
955 1081 1295 1144 discutiant
1324 1104 1446 1167 que
1467 1083 1618 1167 jura
1650 1082 2058 1165 moderanda,
2105 1106 2229 1169 que
2260 1082 2660 1167 declaranda,
2708 1107 2830 1171 que
2872 1084 3240 1169 abroganda

583 1188 724 1268 sint,
771 1188 838 1250 in
886 1209 1068 1251 sacro
1115 1186 1380 1251 concilio
1427 1187 1682 1252 demum
1730 1189 2142 1274 expedienda.

758 1292 858 1357 De
915 1295 1460 1358 matrimoniorum
1520 1293 1862 1359 obstaculis
1921 1297 2111 1360 etiam
2170 1296 2406 1383 aliquid
2469 1297 2879 1382 cogitandum
2924 1321 3006 1364 an
3053 1321 3239 1385 expe·

584 1400 747 1464 diret
802 1399 1055 1487 publice
1116 1398 1461 1464 honestatis
1517 1409 1578 1465 et
1640 1402 1857 1485 legalis
1923 1404 2317 1486 cognationis
2385 1403 2834 1489 impedimenta
2901 1405 2968 1467 iu
3039 1415 3239 1470 totum

580 1508 795 1571 tollere
842 1508 1305 1594 spiritualisque
1350 1509 1742 1592 cognationis
1800 1508 1884 1571 ad
1940 1515 2294 1594 compatres
2352 1530 2431 1573 ac
2490 1509 2802 1574 levantem
2851 1520 2917 1575 et
2961 1510 3238 1576 levatum
3259 1524 3316 1575 10

581 1615 957 1699 restringere
1002 1613 1500 1701 affinitatemque
1532 1636 1613 1678 ex
1646 1615 1862 1678 illicito
1907 1616 2076 1679 coitu
2122 1623 2513 1680 contractam
2559 1617 2660 1681 vel
2706 1616 2924 1680 tollere
2969 1617 3071 1681 vel
3115 1618 3238 1682 dis-

580 1722 1007 1806 pensationem
1069 1722 1347 1785 locorum
1409 1719 1740 1784 ordinariis
1800 1723 2174 1806 permittere.
2270 1744 2391 1808 que
2450 1725 2513 1787 in
2564 1723 2701 1786 aliis
2760 1722 3042 1787 conciliis
3099 1747 3237 1810 pro-

580 1827 785 1912 posita
828 1826 1181 1891 indiscussa
1226 1829 1600 1891 remansisse
1645 1827 2023 1891 audivimus.

758 1932 858 1997 De
907 1934 1298 2020 jejuniorum
1361 1943 1571 1997 autem
1635 1932 2076 1997 observatione
2144 1943 2206 1998 et
2274 1933 2629 2021 aliquorum
2699 1934 2986 2000 ciborum
3053 1939 3237 2000 certis

580 2039 968 2126 temporibus
1027 2039 1433 2122 abstinentia,
1492 2063 1639 2105 curn
1696 2048 1852 2104 teste
1901 2040 2293 2126 Hieronymo
2341 2049 2477 2104 etas
2535 2042 2731 2106 nostri
2778 2046 3110 2128 temporis,
3172 2046 3236 2107 in
3258 2054 3317 2106 15

577 2169 705 2234 qua
750 2170 875 2211 non
908 2147 1110 2211 solum
1140 2148 1364 2211 merita
1408 2146 1517 2211 sed
1549 2148 1738 2211 etiam
1773 2169 2041 2233 corpora
2071 2147 2452 2230 defecerunt,
2501 2170 2627 2211 non
2656 2149 2936 2234 patiatur
2965 2150 3234 2234 rigorem

578 2255 981 2340 antiquorum
1042 2276 1355 2317 canonum
1413 2276 1821 2339 permanere,
1881 2253 2248 2338 agitandum
2311 2256 2498 2318 etiam
2563 2255 2724 2318 foret
2782 2276 2864 2317 an
2911 2254 3238 2341 expediret

578 2358 676 2446 (ut
748 2383 907 2424 onus
978 2360 1252 2424 divisum
1321 2361 1522 2425 levius
1591 2359 1858 2447 seratur)
1942 2360 2485 2446 quadragesimale
2541 2361 2860 2445 jejunium
2929 2362 2996 2424 in
3078 2359 3235 2426 duas

576 2468 797 2552 partiri
826 2476 1068 2552 partes:
1101 2467 1361 2531 alteram
1395 2468 1578 2548 veris,
1611 2466 1951 2531 secundam
1986 2488 2137 2529 vero
2168 2468 2481 2531 auttumni
2523 2477 2805 2552 tempore
2837 2467 3234 2550 servandam,

576 2572 818 2638 indulto
865 2575 1055 2638 etiam
1101 2572 1434 2639 dominicis
1479 2572 1703 2638 diebus
1748 2575 2033 2637 carnium
2064 2581 2176 2638 aut
2221 2572 2438 2637 saltem
2484 2595 2748 2638 ovorum
2794 2582 2858 2639 et
2886 2576 3054 2638 casei
3100 2585 3316 2639 usum

580 2679 699 2744 hac
746 2683 913 2745 enim
960 2681 1352 2767 indulgentia
1395 2680 1677 2746 infinitus
1721 2681 1851 2746 fere
1897 2702 2198 2745 numerus
2242 2702 2458 2746 eorum
2508 2682 2615 2767 qui
2649 2680 3235 2766 pretergrediuntur

566 2788 905 2874 jejunium,
952 2788 1034 2852 ad
1083 2789 1220 2874 ejus
1264 2786 1729 2853 observantiam
1780 2786 2195 2851 traherentur.
2285 2786 2481 2873 idque
2527 2786 2873 2851 consultius
2918 2810 3232 2852 censerem

468 2964 473 2968 .
576 2917 767 2982 quam
813 2895 879 2958 in
926 2903 1128 2958 totum
1175 2892 1619 2979 obligationem
1683 2880 1906 2958 tollere·
1958 2901 2021 2958 et
2078 2895 2242 2957 inter
2300 2892 2563 2958 consilia
2604 2893 3008 2979 perfectionis
3052 2892 3233 2959 relin-

576 3023 766 3088 quere
825 3002 1160 3087 propositis
1215 2998 1624 3086 indulgentiis
1680 3008 1746 3065 et
1803 3007 2205 3086 peccatorum
2266 3021 2348 3064 ex
2395 3009 2575 3085 parte
2620 2999 3096 3065 remissionibus
3138 3000 3233 3064 his

576 3109 685 3195 qui
719 3108 1036 3194 jejunium
1082 3104 1589 3172 observaverint:
1636 3106 1807 3195 quod
1854 3109 2041 3171 etiam
2088 3108 2338 3193 scriptis
2384 3127 2713 3170 aseverare
2757 3105 3045 3192 plerique
3090 3116 3232 3171 sunt
3249 3118 3314 3171 25

577 3216 733 3278 ausi.
823 3235 945 3301 que
991 3215 1108 3279 etsi
1152 3235 1268 3300 pro
1315 3215 1549 3300 ingenii
1572 3214 1790 3278 nostri
1836 3215 2138 3278 tenuitate
2184 3213 2516 3277 statuenda
2562 3220 2625 3277 et
2652 3210 3046 3298 indulgenda
3091 3235 3228 3278 cen·

577 3342 812 3402 serem,
867 3342 1012 3385 cum
1059 3328 1270 3386 tamen
1315 3343 1399 3385 ex
1445 3320 1542 3385 his
1586 3322 1708 3384 sint
1765 3342 1889 3406 que
1933 3320 2018 3384 ad
2065 3321 2392 3384 universos
2443 3320 2787 3405 pertinent,
2850 3319 2936 3383 ad
2982 3341 3228 3384 sacrum

577 3425 929 3491 universale
975 3425 1309 3492 concilium
1356 3429 1491 3513 ejus
1537 3426 1994 3513 approbatione
2039 3425 2436 3491 decernenda
2483 3447 2707 3491 censeo
2753 3426 3153 3492 reservanda.

754 3533 844 3599 Ut
886 3556 1038 3599 vero
1083 3535 1291 3598 minus
1344 3542 1691 3619 graventur
1737 3533 2042 3599 Germani
2090 3555 2389 3618 magnam
2448 3554 2781 3597 numerum
2840 3534 3094 3620 copiam
3148 3531 3227 3597 ab

576 3642 665 3705 eis
723 3643 1039 3728 expiscari
1099 3642 1191 3705 cis
1237 3639 1433 3727 Alpes
1490 3641 1638 3705 ferri
1694 3662 1779 3704 ex
1822 3637 2396 3726 dispensationibus
2453 3662 2576 3725 que
2635 3661 2674 3703 a
2718 3639 3008 3705 Romana
3057 3640 3313 3704 curiaso

577 3750 1010 3835 impetrantur,
1068 3770 1192 3836 que
1251 3757 1461 3813 tamen
1506 3749 1828 3834 pertenuis
1873 3748 2107 3828 existit,
2153 3768 2469 3810 censerem
2519 3745 2875 3810 habendam
2923 3748 3224 3812 rationem

577 3864 884 3941 quantum
932 3856 1202 3920 creverit
1230 3853 1591 3939 hujusmodi
1623 3853 2159 3939 dispensationum
2197 3855 2482 3939 impensa
2512 3863 2655 3939 post
2683 3852 2935 3917 Nicolai
2968 3853 3044 3917 V.
3078 3857 3127 3938 ¹)
3166 3866 3228 3915 et

578 3962 677 4025 Pii
720 3961 789 4025 II
817 3961 870 4049 ²)
919 3961 1353 4047 pontificatum
1386 3961 1945 4047 revocandumque
1977 3962 2306 4047 pristinum
2341 3983 2599 4044 morem,
2647 3982 2726 4024 ne
2757 3963 2898 4045 quis
2928 3961 3223 4046 majorem

578 4070 925 4155 impensam
971 4068 1248 4153 perferre
1293 4066 1706 4154 compellatur
1750 4090 1942 4155 quam
1989 4076 2141 4132 tunc
2186 4068 2445 4152 perferri
2494 4069 2910 4132 consueverit.

754 4173 819 4239 Si
868 4175 1020 4262 quid
1067 4183 1277 4239 autem
1324 4174 1404 4239 de
1448 4182 1702 4261 patrum
1747 4174 2047 4239 institutis
2090 4173 2532 4238 remittendum
2579 4173 2794 4255 fuerit,
2843 4173 2909 4238 id
2956 4175 3222 4237 maxime
3239 4180 3304 4234 35

576 4281 932 4346 cavendum
992 4303 1216 4346 censeo
1278 4287 1348 4345 ut
1406 4280 1517 4345 tali
1573 4280 1687 4345 fiat
1730 4282 1973 4345 ratione
2019 4280 2189 4366 quod
2247 4278 2539 4344 omnibus
2586 4287 2828 4345 constet
2870 4280 2937 4345 id
2983 4280 3217 4367 urgenti

576 4410 657 4453 ex
705 4410 896 4453 causa
941 4411 1056 4475 pro
1103 4395 1460 4476 temporum
1490 4389 1795 4455 varietate
1838 4387 1992 4471 fieri,
2039 4408 2168 4451 non
2215 4385 2386 4474 quod
2429 4388 2496 4450 in
2541 4384 2754 4475 aliquo
2802 4410 2841 4450 a
2884 4384 3218 4475 majoribus

721 4639 760 4707 ¹)
800 4641 1160 4694 1447—1455.

721 4724 760 4793 2)
801 4728 1168 4782 uss-1464.
3233 4720 3302 4775 40

3479 281 3485 416 Ι

3479 461 3485 594 ἱ
