3500 5300
577 264 686 331 312
1296 269 1395 329 No.
1437 275 1742 329 loo-101:
1785 275 1923 330 1538
1956 269 2083 328 Juni
2120 270 2388 329 26.--Juli
2428 271 2510 329 13.

308 472 560 595 &3258ae
576 476 638 535 et
696 492 765 534 so
827 477 999 535 certo
1059 468 1175 534 che
1221 468 1431 557 quella
1489 469 1534 533 11
1591 470 1731 533 fara
1788 467 1877 534 tal
1942 470 2191 556 piacere
2252 468 2368 535 che
2425 492 2670 556 sempre
2729 468 2772 534 li
2831 471 3079 535 restari»
3135 469 3242 535 ob-

574 576 785 663 ligato.

751 683 1129 769 Monsignor
1185 681 1527 747 Lundense
1587 693 1835 748 oratore
1895 681 2174 748 Cesareo
2231 690 2267 747 e
2326 691 2492 748 stato
2552 683 2873 771 postulato
2932 689 3142 765 (come
3185 688 3236 748 si

575 791 717 855 dice
764 794 828 854 in
875 790 1093 872 latino)
1139 789 1245 855 dal
1290 789 1566 876 capitolo
1605 788 2093 854 Constantiense
2138 812 2255 876 per
2297 811 2580 857 vescovo
2625 790 2692 855 di
2722 790 2932 877 quella
2977 791 3238 870 chiensis,

574 897 807 983 perche
852 896 1054 960 l’altro
1098 918 1380 961 vescovo
1412 901 1475 978 ¹),
1521 895 1792 961 essendo
1849 895 2108 961 redutto
2153 897 2198 990 il
2245 907 2592 963 vescovato
2637 919 2676 962 a
2729 897 2925 962 molta
2969 904 3238 984 μονα-ω,
3283 908 3314 960 5
3441 847 3444 970 i

574 1026 690 1089 per
744 1025 955 1068 essere
1010 1011 1324 1089 occupato
1381 1002 1465 1068 da
1512 1002 1863 1067 Lutherani
1922 1015 1988 1067 ct
2044 1003 2321 1068 alienato
2377 1002 2482 1069 dal
2526 1002 2976 1090 predecessore
3024 1027 3145 1070 suo
3171 1007 3235 1086 ¹),

574 1110 657 1174 ha
722 1113 1041 1195 resignato
1111 1109 1553 1188 liberamente,
1612 1132 1791 1175 come
1851 1109 1980 1175 Sua
2039 1109 2291 1175 Santita
2347 1109 2510 1175 debe
2568 1132 2810 1197 sapere.
2913 1111 3070 1177 hora
3127 1112 3236 1176 hn-

576 1216 784 1283 vendo
852 1217 898 1281 il
955 1216 1250 1303 predetto
1306 1215 1649 1282 Lundense
1710 1225 2043 1303 acceptato
2062 1267 2078 1295 ,
2145 1215 2540 1301 bisognando
2607 1216 2741 1282 fare
2800 1218 3234 1305 l’expeditioni
3449 1253 3450 1326 1

574 1323 767 1390 d'una
833 1324 1075 1390 chiesia
1140 1323 1510 1388 totalmente
1579 1326 1829 1388 minata
1896 1335 1962 1388 et
2025 1323 2192 1389 dalla
2251 1324 2437 1409 quale
2495 1323 2586 1388 lui
2652 1347 2780 1388 non
2839 1335 3099 1411 expetta
3168 1348 3234 1390 se

574 1453 700 1496 non
746 1431 1056 1516 travaglia
1113 1443 1176 1495 et
1238 1430 1506 1508 fatiche,
1568 1431 1858 1516 supplica
1917 1429 2050 1496 Sua
2095 1428 2503 1495 Beatitudine
2561 1431 2774 1516 voglia
2831 1431 2977 1497 farli
3035 1435 3236 1516 grafia
3253 1441 3314 1493 10

576 1537 657 1604 de
702 1537 1189 1624 l’expeditione,
1257 1547 1502 1603 attento
1563 1540 1838 1602 maxime
1905 1536 1967 1601 la
2032 1543 2302 1624 poverta
2360 1549 2426 1601 et
2481 1536 2874 1603 desolatione
2935 1537 3020 1604 de
3075 1538 3236 1603 ditta

576 1645 816 1711 chiesia
844 1649 909 1726 ὅ).
1001 1655 1067 1710 et
1110 1667 1225 1731 per
1270 1644 1331 1710 la
1389 1646 1631 1710 serviti]
1689 1667 1808 1708 sua
1866 1652 1930 1709 et
1988 1642 2137 1708 bon’
2195 1646 2408 1708 animo
2466 1665 2653 1710 verso
2700 1642 2834 1710 Sua
2877 1644 3132 1710 Santita
3176 1658 3238 1710 et

576 1749 778 1818 anche
824 1774 940 1838 per
983 1751 1042 1816 le
1088 1750 1329 1817 fatiche
1376 1751 1637 1837 pigliate
1682 1773 1798 1836 per
1841 1750 1905 1815 la
1949 1772 2110 1836 pace
2133 1749 2529 1835 d’Hongeria
2573 1759 2640 1815 et
2669 1751 2877 1837 quelle
2922 1753 3042 1817 che
3087 1775 3238 1819 con·

576 1862 967 1923 tinuamente
1013 1857 1207 1944 piglia
1253 1858 1418 1923 nelle
1464 1880 1613 1922 cose
1659 1856 1742 1922 de
1788 1856 2155 1936 Lutherani‚
2199 1856 2364 1922 nelle
2411 1857 2595 1944 quale
2640 1864 2676 1921 e
2721 1880 2971 1945 sempre
3017 1881 3238 1946 proce-

575 1965 734 2030 duto
802 1987 923 2029 con
989 1987 1145 2049 gran
1212 1963 1550 2051 prudentia
1609 1975 1675 2028 et
1731 1962 1883 2028 fede
1941 1985 2129 2028 verso
2175 1964 2387 2050 quella
2430 1971 2612 2028 santa
2671 1964 2826 2029 sede
2871 1966 3237 2052 apostolica,
3257 1974 3318 2026 15

576 2071 869 2158 supplica
914 2070 1043 2138 Sua
1088 2070 1338 2135 Santita
1368 2070 1487 2136 che
1533 2070 1811 2135 anchora
1853 2071 1900 2135 li
1929 2070 2144 2155 voglia
2187 2069 2289 2134 far
2330 2072 2537 2155 gratia
2579 2069 2748 2135 della
2777 2074 3236 2158 compositione

578 2201 693 2265 per
749 2178 1050 2264 expedire
1110 2200 1235 2242 una
1288 2177 1597 2263 ‘pensione
1657 2176 1738 2241 de
1791 2185 1962 2245 1500
2025 2175 2270 2256 ducati,
2331 2177 2517 2263 quale
2560 2176 2624 2241 la
2667 2176 2946 2243 Cesarea
2988 2178 3238 2244 Maesta

578 2295 956 2350 novamente
1016 2285 1063 2349 li
1122 2284 1205 2348 ha
1261 2283 1412 2348 dato
1470 2287 1539 2348 in
1582 2282 1887 2370 Espagna
1944 2286 2011 2348 in
2056 2293 2153 2348 tre
2199 2283 2385 2350 lochi.
2475 2293 2541 2347 et
2585 2284 2817 2370 perche
2861 2282 2953 2350 V.
3000 2284 3066 2350 S.
3110 2285 3238 2350 R-

578 2392 807 2476 meglio
854 2413 1043 2477 possa
1090 2412 1430 2457 conoscere
1488 2390 1533 2454 il
1579 2389 1898 2454 desiderio
1957 2399 2024 2454 et
2076 2390 2344 2474 bisogno
2388 2388 2493 2454 del
2539 2390 2832 2477 predetto
2875 2395 3238 2477 monsignor

578 2497 942 2576 Lundense,
988 2498 1030 2560 li
1078 2496 1308 2562 mando
1353 2495 1643 2562 l'incluso
1672 2496 2033 2561 memoriale
2080 2496 2147 2561 di
2192 2519 2308 2561 sua
2352 2518 2540 2561 mano
2584 2499 2843 2584 propria
2867 2501 2936 2579 ⁴),
2983 2509 3050 2564 et
3092 2514 3322 2585 sup—20

578 2605 747 2693 plico
791 2605 999 2692 quella
1046 2606 1099 2669 si
1148 2602 1364 2689 degni,
1423 2612 1667 2669 attento
1725 2604 1773 2669 li
1831 2602 2008 2668 molti
2067 2611 2134 2669 et
2191 2603 2500 2669 effetmali
2544 2606 2753 2671 meriti
2798 2603 2905 2670 del
2951 2604 3239 2693 predetto
3469 2611 3470 2671 1

579 2716 828 2797 signore
876 2734 1061 2777 verso
1105 2712 1169 2777 la
1210 2711 1540 2798 republica
1584 2710 1949 2790 christiana,
1994 2710 2176 2776 farne
2221 2710 2369 2776 bon'
2414 2711 2627 2776 officio
2658 2734 2780 2777 con
2812 2712 2946 2778 Sua
2976 2712 3237 2792 Santita,

580 2819 878 2885 accioche
924 2817 1216 2883 venendo
1262 2818 1385 2902 egli
1434 2840 1471 2882 a
1515 2818 1724 2904 quelle
1771 2820 1966 2904 parti,
2011 2839 2191 2883 come
2237 2820 2302 2882 111
2349 2818 2544 2883 breve
2591 2824 2856 2898 venera,
2901 2822 3080 2906 possi
3123 2842 3240 2885 con

580 2927 900 3011 maggiore
947 2923 1331 2989 confidentia
1374 2947 1549 2990 esser
1592 2947 1714 2989 con
1761 2923 1893 2989 Sua
1937 2923 2204 2989 Santita.
2295 2934 2362 2990 et
2403 2926 2695 3011 supplico
2749 2927 2995 2991 anchor
3038 2927 3242 3013 quella

582 3035 635 3098 si
699 3031 887 3118 degni
946 3031 1146 3096 dat-mi
1206 3031 1472 3117 qualche
1531 3033 1810 3117 risposta
1879 3039 1946 3096 et
2001 3031 2188 3095 farmi
2257 3030 2558 3096 mandare
2623 3031 2836 3118 quella
2905 3032 3323 3102 benedettassb

580 3142 823 3204 riserva
867 3138 971 3203 del
1018 3136 1231 3203 dottor
1275 3138 1554 3219 Mathia,
1597 3161 1713 3224 per
1756 3139 1821 3202 la
1865 3137 2049 3222 quale
2093 3146 2266 3203 resto
2311 3139 2490 3223 quasi
2537 3148 2930 3225 vergognato
2946 3189 2963 3219 ‚
3009 3140 3244 3206 haven-

583 3245 732 3310 dola
786 3251 940 3333 pero
999 3247 1312 3333 promissa
1371 3244 1438 3309 di
1496 3244 1716 3309 ordine
1778 3243 1845 3308 di
1893 3243 2025 3308 Sua
2070 3243 2319 3310 Santita
2375 3247 2488 3331 pit]
2533 3245 2705 3309 volte
2751 3246 3084 3332 replicato.
3171 3254 3246 3311 ne

584 3353 745 3417 altro
791 3350 1179 3417 occorrendo
1223 3358 1329 3416 etc.

317 3460 463 3516 Jum‘
496 3461 570 3513 26
762 3459 851 3523 Di
898 3457 1198 3523 Olomutz
1243 3460 1310 3522 in
1354 3457 1649 3522 Mor-avia
1693 3458 1800 3522 alli
1851 3467 1932 3524 26
1981 3455 2047 3521 di
2092 3459 2333 3543 giugno
2386 3469 2572 3527 1533.

345 3653 470 3709 Juli
503 3656 572 3707 13
587 3655 737 3722 101.
829 3654 1095 3720 Marone
1139 3675 1231 3719 an
1277 3654 1564 3719 Farnese
1579 3675 1600 3717 .·
1645 3654 1943 3735 Ankunfl
1988 3656 2160 3719 eines
2203 3653 2618 3719 kaiser-lichen
2659 3654 2948 3721 Kuriers
2993 3660 3114 3721 mit
3142 3658 3324 3726 derso

588 3762 666 3827 N
659 3761 939 3826 achricht
981 3781 1117 3825 vom
1149 3759 1474 3843 Abschlnfi
1519 3762 1626 3825 des
1668 3760 2116 3843 zehnjdhriyen
2161 3760 2797 3841 Waffensbe'lsstandes
2836 3765 2961 3826 mit
2991 3764 3246 3829 Frank·

586 3868 770 3934 reich.
864 3868 1449 3949 Lobeserhebunyen
1509 3868 1618 3932 des
1675 3867 1952 3933 Kaisers
2017 3868 2172 3932 iiber
2240 3868 2361 3932 den
2426 3866 2628 3949 Papst
2693 3867 2794 3931 als
2878 3869 3245 3935 Ver-mima.

732 4028 776 4098 ¹)
814 4028 1041 4084 Johann
1077 4046 1181 4083 von
1216 4027 1459 4096 Impfen,
1495 4029 1597 4082 seit
1632 4030 1793 4095 1532,
1830 4028 2150 4083 verzidotete
2187 4032 2345 4082 1537.

732 4118 773 4183 ⁴²)
812 4118 984 4188 Huyo
1020 4135 1125 4172 von
1160 4116 1696 4186 Hohenlandenbery
1733 4120 2099 4171 1496—1532.

734 4206 774 4271 3)
812 4209 919 4260 Am
960 4210 1022 4259 14
1057 4206 1200 4260 Jum:
1240 4223 1345 4261 von
1363 4207 1603 4260 Breslau
1640 4223 1744 4260 aus
1781 4207 2090 4260 verwandte
2125 4206 2240 4260 sich
2268 4207 2410 4261 auch
2431 4206 2501 4260 K.
2523 4207 2852 4261 Fen-dinami
2891 4208 3029 4262 belm
3049 4209 3313 4276 Papste35

591 4296 781 4361 daszir,
821 4293 940 4363 defi
975 4295 1149 4349 Lund
1180 4296 1363 4363 qratia
1398 4296 1483 4350 als
1518 4294 1760 4360 Bischof
1783 4313 1886 4350 von
1936 4295 2204 4349 Ome-scanz
2251 4296 2510 4364 bestatiyt
2557 4296 2762 4363 warde,
2809 4297 2998 4351 indens
3041 4314 3100 4350 er
3131 4298 3234 4349 ins-

590 4385 877 4439 besondere
932 4385 1046 4450 auf
1091 4386 1239 4438 3οίπο
1295 4384 1607 4439 Verdienste
1661 4386 1746 4439 als
1800 4383 2089 4453 Diplomat
2144 4385 2386 4438 hinwae’es.
2461 4384 2715 4451 Florem,
2773 4386 2940 4440 Arch.
2990 4386 3051 4440 di
3083 4386 3233 4439 Staio

591 4474 755 4529 Carte
791 4474 1114 4528 Cerviniane
1162 4473 1317 4528 Filza
1351 4476 1422 4527 36
1460 4492 1538 4531 nr.
1580 4476 1639 4531 61
1692 4472 1843 4544 Θήρ.
1917 4472 2043 4528 Das
2093 4473 2304 4527 Gesuch
2353 4474 2541 4527 warde
2588 4474 2764 4540 sofort
2813 4476 3090 4543 ροτοᾶήής
3137 4473 3229 4541 ryl.

590 4568 763 4616 unlen
800 4580 885 4616 nr.
926 4566 1043 4616 107.

734 4650 781 4723 ⁴>
819 4651 1024 4705 Findet
1059 4652 1178 4707 sich
1212 4652 1383 4707 nicht.
3240 4646 3305 4704 4⁰
