3500 5300
421 536 560 585 1534

388 603 529 657 Fbr.
563 607 598 657 3

617 332 724 393 172
1561 339 1662 393 No,
1699 338 1799 394 59:
1838 339 1978 394 1534
2012 338 2244 409 Februar
2276 339 2327 394 3.

793 533 1019 599 Scrissi
1065 532 1224 598 hieri
1269 540 1332 599 et
1376 532 1716 600 l'altr'hieri
1762 535 1886 601 due
1930 534 2123 620 lunge
2180 534 2361 600 lettre
2418 557 2460 600 a
2504 534 2582 600 V.
2629 534 2691 600 S.
2749 537 2816 599 in
2876 537 3145 621 risposta
3207 535 3276 601 di

389 674 519 729 [απ.
561 663 725 728 9sue
770 640 835 705 di
870 650 906 706 9
955 639 1057 706 del
1088 643 1384 727 preterito
1431 649 1494 707 et
1523 642 1786 707 insieme
1833 641 2090 707 mandai
2123 641 2267 730 quel
2314 641 2675 728 malvaggio
2705 641 2887 724 libro,
2934 640 3037 707 del
3080 641 3276 729 quale

614 748 675 811 io
722 746 924 813 havea
969 749 1182 813 scritto
1228 771 1342 835 per
1399 749 1460 814 lo
1513 750 1772 816 adrieto.
1863 757 1927 815 et
1983 749 2362 815 dovendossi
2405 748 2598 836 hoggi
2644 751 2883 814 scriver
2937 748 2998 813 al
3041 758 3276 835 agente

613 855 788 940 regio
804 905 821 936 ,
879 854 960 919 ho
1006 853 1222 921 voluto
1267 864 1332 921 et
1375 856 1495 921 dar
1551 858 1787 922 noticia
1844 856 1909 921 di
1969 856 2166 922 haver
2224 857 2439 922 scritto
2497 864 2560 922 et
2613 857 2982 942 agiongervi
3038 854 3275 921 alcune

579 951 756 1026 ⁴cose
801 961 917 1025 che
963 961 1183 1026 alhora
1227 985 1355 1027 non
1403 964 1627 1028 scrissi.
3328 974 3359 1027 5

792 1042 851 1132 E
897 1070 1005 1156 qui
1051 1070 1350 1134 coniunta
1394 1069 1459 1134 la
1502 1071 1688 1157 copia
1732 1069 1901 1135 della
1944 1069 2130 1135 lettra
2174 1069 2290 1135 che
2335 1071 2396 1134 io
2440 1071 2648 1135 scrissi
2693 1069 2760 1134 di
2806 1069 3005 1135 haver
3048 1073 3274 1137 scritto

613 1173 676 1240 al
721 1176 1005 1263 principe
1050 1175 1116 1240 di
1162 1176 1433 1242 Vinetia.
1509 1187 1578 1242 at
1621 1199 1940 1266 quorsum,
1986 1178 2249 1265 inquies,
2297 1199 2594 1264 quorsum
2641 1176 2812 1242 istud
2858 1176 3275 1265 exemplum?

613 1282 1052 1366 animadverti,
1101 1305 1294 1370 quum
1342 1285 1614 1370 primum
1663 1283 1787 1349 huc
1831 1285 2173 1368 venissem,
2230 1306 2356 1349 non
2414 1306 2671 1371 prorsus
2714 1283 2874 1348 bene
2933 1287 3275 1350 convenire

614 1390 886 1475 principi
931 1389 1078 1455 huic
1126 1412 1273 1455 cum
1333 1390 1438 1456 illo
1471 1391 1556 1479 ¹);
1621 1393 1836 1478 itaque
1895 1398 2028 1456 tum
2087 1401 2451 1478 propterea,
2520 1400 2655 1456 tum
2724 1392 2911 1455 etiam
2970 1392 3128 1457 alias
3186 1391 3275 1457 ob

615 1519 839 1561 causas
884 1520 1034 1562 sane
1079 1496 1358 1563 abstinui
1403 1521 1482 1563 ne
1527 1498 1678 1563 mihi
1725 1500 2065 1586 quicquam
2111 1506 2272 1562 esset
2301 1498 2535 1584 negotii
2581 1521 2726 1563 cum
2772 1497 3097 1585 republica
3126 1498 3359 1584 illa310

614 1612 678 1667 et
722 1605 811 1667 ita
854 1603 1130 1670 abstinui
1177 1612 1248 1670 ut
1292 1607 1405 1669 vix
1451 1607 1533 1671 ad
1578 1608 1862 1692 privatos
1892 1605 2202 1693 quosdam
2249 1607 2440 1688 civeS,
2488 1613 2551 1670 et
2580 1604 2833 1693 quidem
2881 1605 2962 1670 de
2992 1607 3275 1671 minimis

515 1796 524 1805 ‘
615 1709 803 1775 rebus
849 1712 1031 1787 meis,
1087 1710 1427 1798 aliquando
1487 1714 1859 1799 scripserim.
1950 1713 2247 1800 adunque
2304 1710 2594 1777 havendo
2653 1721 2874 1799 questa
2932 1735 3059 1778 una
3084 1774 3089 1778 .
3116 1712 3274 1778 flata

614 1818 848 1900 scritto,
895 1819 981 1882 mi
1029 1816 1107 1883 ho
1156 1817 1370 1884 voluto
1415 1819 1663 1884 satisfar
1711 1819 1870 1884 che’l
1915 1842 1983 1884 re
2028 1818 2264 1884 habbia
2309 1819 2542 1885 veduto
2601 1827 2663 1884 et
2708 1819 2824 1884 che
2870 1819 2947 1884 V.
2995 1819 3057 1885 S.
3106 1820 3274 1885 veda

615 1924 679 1987 di
729 1923 845 1989 che
888 1926 949 1989 io
995 1923 1232 1991 habbia
1276 1928 1509 2009 scritto,
1555 1926 1622 1991 id
1653 1933 1748 1991 est
1792 1926 1871 1992 de
1917 1949 2111 1992 causa
2139 1925 2471 2012 religionis.
2550 1927 2693 1991 tutti
2740 1927 2761 1990 i
2808 1927 3273 2011 ragionamenti

615 2053 739 2094 non
786 2054 938 2096 sono
984 2032 1068 2097 da
1098 2034 1244 2119 ogni
1293 2042 1535 2120 temp03
1580 2035 1731 2120 pero
1779 2056 2031 2099 reservo
2062 2033 2188 2098 alla
2232 2056 2346 2099 sua
2391 2035 2683 2098 occasion
2716 2032 3079 2098 moltissime
3125 2057 3273 2099 cose
3296 2043 3356 2096 15

615 2138 730 2203 che
774 2139 835 2202 io
881 2137 963 2203 ho
1007 2139 1282 2206 raccolto
1342 2139 1853 2227 diligentemente
1914 2142 1979 2205 in
2044 2149 2264 2229 questa
2319 2142 2612 2223 materia,
2682 2141 2745 2205 la
2803 2139 2986 2227 quale
3046 2163 3173 2205 non
3234 2143 3272 2205 e

614 2245 698 2309 da
744 2267 1051 2331 sprezzar.

793 2352 1209 2441 D'Hungeria
1254 2363 1318 2420 et
1362 2354 1527 2421 della
1572 2364 1808 2421 venuta
1852 2354 1953 2421 del
1998 2354 2164 2421 Griti
2223 2377 2350 2419 non
2397 2378 2462 2419 se
2506 2353 2761 2418 intende
2805 2376 2973 2419 nova
3016 2351 3272 2437 alcuna,

613 2468 675 2525 et
721 2464 755 2527 ὲ
801 2483 961 2546 gran
1008 2483 1184 2546 cosa,
1230 2462 1462 2548 perche
1506 2460 1551 2526 il
1596 2484 1666 2526 re
1711 2462 1944 2527 mando
1988 2485 2029 2525 a
2075 2460 2613 2548 Constantinopoli
2660 2484 2746 2525 un
2794 2484 2906 2525 suo
2965 2462 3273 2526 servitore

456 2567 598 2618 1533
616 2571 751 2634 sino
797 2569 858 2634 al
903 2569 1212 2658 principio
1259 2569 1323 2633 di
1371 2568 1617 2635 ottobre
1644 2573 1718 2656 ²),
1766 2569 1881 2634 che
1927 2572 2260 2635 nunciasse
2304 2567 2366 2633 al
2412 2568 2580 2634 Griti
2627 2569 2741 2634 che
2787 2570 2837 2632 si
2884 2570 3160 2652 venisse,
3207 2576 3358 2634 et20

473 2637 593 2692 Okt.

615 2701 738 2743 non
770 2700 1008 2764 appare
1055 2679 1134 2741 ne
1182 2675 1225 2741 il
1269 2679 1692 2764 messaggiero
1739 2679 1818 2742 ne
1866 2701 1981 2743 sua
2026 2677 2213 2742 lettra
2255 2679 2322 2742 in
2368 2685 2543 2741 tanto
2590 2683 2818 2763 tempo.
2895 2677 3107 2741 scrissi
3153 2676 3271 2742 che

613 2787 825 2871 percio
872 2787 923 2849 si
979 2786 1315 2871 suspicava
1371 2784 1486 2850 che
1546 2787 1642 2850 cio
1698 2785 1861 2850 fosse
1919 2785 2187 2872 perche,
2248 2784 2511 2849 essendo
2568 2785 2800 2871 partito
2859 2782 3127 2848 Ibrahin
3185 2782 3271 2847 da

613 2891 1172 2978 Constantinopoli,
1219 2892 1264 2957 il
1309 2891 1476 2958 Griti
1522 2891 1582 2956 lo
1631 2892 1839 2957 havea
1881 2900 2383 2978 accompagnato
2430 2892 2494 2957 di
2541 2890 2730 2956 molte
2774 2892 3061 2976 giornate
3088 2892 3162 2976 8).

789 2999 1101 3064 Havendo
1145 3002 1206 3064 io
1252 2999 1635 3065 domandato
1683 2998 1745 3063 al
1792 3021 1859 3064 re
1922 2998 2260 3064 medesimo
2321 3000 2418 3064 cio
2479 2998 2594 3063 che
2648 2999 2697 3061 si
2758 2996 2823 3060 sa
2874 2995 3043 3062 nella
3101 2998 3269 3061 dieta

610 3106 676 3171 di
723 3104 1015 3191 Augusta
1068 3105 1233 3171 nella
1289 3107 1552 3172 materia
1621 3104 1789 3171 della
1854 3104 1982 3191 liga
2040 3105 2300 3187 Suevia,
2369 3104 2599 3191 perche
2666 3105 2727 3169 io
2797 3104 3000 3169 havea
3068 3105 3267 3169 inteso
3286 3114 3354 3169 25

609 3212 853 3278 altrove
911 3213 1026 3278 che
1072 3214 1120 3278 si
1181 3236 1290 3277 era
1345 3215 1410 3277 in
1471 3212 1685 3278 buona
1743 3235 2049 3299 speranza
2107 3212 2174 3277 di
2242 3213 2571 3276 raffermar
2627 3220 2851 3299 questa
2917 3210 3077 3296 liga,
3137 3213 3269 3278 Sua

609 3320 859 3385 Maesta
902 3322 988 3384 mi
1035 3321 1300 3406 rispose:
1362 3321 1462 3404 „si
1521 3321 1615 3403 fa,
1674 3342 1854 3385 come
1914 3320 2149 3386 accade
2208 3317 2369 3384 nelle
2428 3320 2612 3404 gravi
2671 3319 3092 3404 negotiation,
3152 3317 3266 3383 che

610 3426 768 3492 hora
797 3429 849 3492 si
895 3450 1078 3514 spera
1108 3425 1252 3510 ben,
1298 3424 1454 3491 hora
1485 3429 1536 3491 si
1567 3427 1859 3515 despera:
1911 3428 2043 3492 cosi
2074 3429 2109 3491 ὲ
2141 3426 2297 3492 hora
2326 3428 2392 3490 in
2441 3423 2649 3513 quella
2680 3425 2877 3509 dieta3
2923 3448 3011 3490 un
3042 3427 3264 3512 giorno

610 3557 890 3621 pensano
935 3534 1133 3599 haver
1177 3541 1426 3599 trovata
1471 3536 1577 3598 via
1622 3533 1688 3598 di
1733 3534 1833 3598 far
1877 3533 2058 3617 bene,
2104 3533 2308 3599 l'altro
2353 3532 2416 3599 la
2460 3532 2806 3621 perdeno“.

787 3639 972 3705 Nella
1014 3642 1279 3706 materia
1323 3639 1490 3706 della
1534 3641 1676 3706 sede
1720 3664 1848 3706 non
1896 3642 1961 3704 vi
2022 3642 2057 3705 ὲ
2118 3640 2280 3705 altra
2337 3643 2588 3724 novita3
2648 3663 2783 3724 ma,
2841 3642 3058 3727 signor
3122 3642 3263 3722 mio,
3282 3651 3355 3704 30

609 3747 871 3813 essendo
929 3750 1076 3833 ogni
1120 3750 1342 3835 giorno
1400 3750 1510 3836 piu
1564 3749 1901 3814 informato
1929 3751 1983 3834 ⁸)
2038 3755 2102 3812 et
2159 3747 2329 3812 dalla
2387 3748 2822 3812 conversation
2881 3747 2961 3811 de
3006 3749 3265 3834 paesani

611 3864 674 3920 et
718 3854 886 3920 dalla
932 3854 1185 3920 assidua
1229 3855 1446 3920 lettion
1492 3856 1572 3920 de
1616 3854 1767 3919 mali
1813 3853 1989 3938 libri,
2022 3877 2224 3936 ‘come
2281 3856 2347 3918 in
2394 3862 2569 3918 tanto
2629 3854 2698 3919 di
2758 3854 3023 3937 mondo,
3090 3875 3262 3919 come

611 3963 646 4026 ὲ
691 3960 754 4026 la
801 3961 1163 4044 Germania,
1211 3970 1374 4026 tutta
1416 3961 1480 4027 la
1525 3962 1804 4028 dottrina
1863 3961 2216 4026 orthodoxa
2270 3964 2364 4026 sia
2424 3960 2783 4027 concultata
2844 3969 2906 4025 et
2966 3983 3263 4048 oppressa

612 4076 676 4133 et
718 4070 785 4133 in
831 4093 942 4135 suo
988 4068 1125 4134 loco
1173 4070 1526 4135 succedano
1570 4077 1742 4136 tante
1787 4071 2041 4156 pravita
2085 4077 2148 4134 et
2191 4069 2504 4156 perdition
2536 4068 2601 4133 di
2647 4076 2820 4134 tante
2865 4070 3106 4133 anime:
3151 4092 3261 4134 son

751 4375 795 4426 a)
827 4376 946 4416 Cone.
976 4375 1089 4416 katte
1116 4375 1300 4425 ansanqs
1335 4383 1455 4415 come
1489 4373 1514 4414 δ
1551 4372 1750 4420 minata,
1791 4383 1912 4413 come
1947 4373 2095 4422 questi
2123 4371 2270 4424 spiriti
2297 4371 2507 4414 diabolici
2546 4374 2687 4415 hanno
2727 4372 2947 4415 inculcata
2975 4384 3051 4424 per
3078 4373 3111 4414 il
3139 4372 3258 4422 leget
3277 4372 3347 4426 35

607 4447 654 4486 et
680 4446 712 4487 il
741 4447 944 4498 putica.

754 4552 797 4625 ¹)
834 4555 910 4609 D.
947 4556 986 4609 i.
1024 4554 1214 4624 Κόηἰρ
1251 4552 1585 4608 Fer-dinami
1621 4554 1720 4607 mit
1756 4552 1880 4607 dem
1912 4552 2129 4622 Royan,
2164 4569 2207 4608 s.
2245 4569 2291 4607 o.
2333 4568 2448 4607 ηπ.
2487 4555 2520 4605 5
2555 4569 2612 4605 u.
2652 4555 2702 4606 6.

751 4642 797 4712 ²)
834 4643 888 4699 S.
927 4662 975 4698 0.
1011 4660 1126 4697 nrr.
1165 4646 1237 4696 34
1273 4662 1327 4697 u.
1367 4646 1452 4697 37.

754 4730 799 4802 ⁸)
837 4732 893 4787 S.
931 4750 980 4786 0.
1016 4748 1103 4785 nr.
1141 4735 1227 4785 55.
