<?xml version="1.0" encoding="UTF-8"?>
<!DOCTYPE html PUBLIC "-//W3C//DTD XHTML 1.0 Transitional//EN"
    "http://www.w3.org/TR/xhtml1/DTD/xhtml1-transitional.dtd">
<html xmlns="http://www.w3.org/1999/xhtml" xml:lang="en" lang="en">
 <head>
  <title>
</title>
<meta http-equiv="Content-Type" content="text/html;charset=utf-8" />
  <meta name='ocr-system' content='tesseract 3.04.00' />
  <meta name='ocr-capabilities' content='ocr_page ocr_carea ocr_par ocr_line ocrx_word'/>
</head>
<body>
  <div class='ocr_page' id='page_1' title='image "./nuntiaturberich02deugoog_1051.png"; bbox 0 0 3500 5300; ppageno 0'>
   <div class='ocr_carea' id='block_1_1' title="bbox 358 511 495 560">
    <p class='ocr_par' dir='ltr' id='par_1_1' title="bbox 358 511 495 560">
     <span class='ocr_line' id='line_1_1' title="bbox 358 511 495 560; baseline 0.007 -1"><span class='ocrx_word' id='word_1_1' title='bbox 358 511 495 560; x_wconf 82' lang='lat'><strong><em>1536</em></strong></span> 
     </span>
    </p>
   </div>
   <div class='ocr_carea' id='block_1_2' title="bbox 545 302 2098 369">
    <p class='ocr_par' dir='ltr' id='par_1_2' title="bbox 545 302 2098 369">
     <span class='ocr_line' id='line_1_2' title="bbox 545 302 2098 369; baseline -0.008 -1"><span class='ocrx_word' id='word_1_2' title='bbox 545 307 655 369; x_wconf 66' lang='lat'><strong>354</strong></span> <span class='ocrx_word' id='word_1_3' title='bbox 1661 303 1759 357; x_wconf 80' lang='lat' dir='ltr'><strong>No.</strong></span> <span class='ocrx_word' id='word_1_4' title='bbox 1798 303 1901 357; x_wconf 72' lang='lat'><strong>1*:</strong></span> <span class='ocrx_word' id='word_1_5' title='bbox 1941 302 2098 357; x_wconf 82' lang='lat'>1536.</span> 
     </span>
    </p>
   </div>
   <div class='ocr_carea' id='block_1_3' title="bbox 548 492 3307 1013">
    <p class='ocr_par' dir='ltr' id='par_1_3' title="bbox 548 492 3307 1013">
     <span class='ocr_line' id='line_1_3' title="bbox 728 492 3225 591; baseline -0.004 -24"><span class='ocrx_word' id='word_1_6' title='bbox 728 503 923 591; x_wconf 87' lang='lat' dir='ltr'><strong>Atqui</strong></span> <span class='ocrx_word' id='word_1_7' title='bbox 984 525 1063 568; x_wconf 86' lang='lat' dir='ltr'><strong>ex</strong></span> <span class='ocrx_word' id='word_1_8' title='bbox 1135 499 1434 566; x_wconf 79' lang='lat' dir='ltr'><strong>facilitate</strong></span> <span class='ocrx_word' id='word_1_9' title='bbox 1492 498 1921 586; x_wconf 86' lang='lat' dir='ltr'><strong>consequendi</strong></span> <span class='ocrx_word' id='word_1_10' title='bbox 1979 497 2236 562; x_wconf 87' lang='lat' dir='ltr'><strong>veniam</strong></span> <span class='ocrx_word' id='word_1_11' title='bbox 2300 495 2565 582; x_wconf 87' lang='lat' dir='ltr'><strong>quisque</strong></span> <span class='ocrx_word' id='word_1_12' title='bbox 2630 494 2892 580; x_wconf 91' lang='lat' dir='ltr'><strong>pronior</strong></span> <span class='ocrx_word' id='word_1_13' title='bbox 2950 492 3038 558; x_wconf 87' lang='lat' dir='ltr'><strong>ad</strong></span> <span class='ocrx_word' id='word_1_14' title='bbox 3098 493 3225 557; x_wconf 86' lang='lat' dir='ltr'><strong>cri-</strong></span> 
     </span>
     <span class='ocr_line' id='line_1_4' title="bbox 549 599 3224 691; baseline -0.005 -15"><span class='ocrx_word' id='word_1_15' title='bbox 549 613 721 676; x_wconf 89' lang='lat' dir='ltr'><strong>mina</strong></span> <span class='ocrx_word' id='word_1_16' title='bbox 750 609 1075 691; x_wconf 83' lang='lat' dir='ltr'><strong>reddatur,</strong></span> <span class='ocrx_word' id='word_1_17' title='bbox 1122 630 1249 673; x_wconf 92' lang='lat' dir='ltr'><strong>non</strong></span> <span class='ocrx_word' id='word_1_18' title='bbox 1281 614 1526 671; x_wconf 84' lang='lat' dir='ltr'><strong>tantum</strong></span> <span class='ocrx_word' id='word_1_19' title='bbox 1561 608 1625 670; x_wconf 93' lang='lat' dir='ltr'><strong>in</strong></span> <span class='ocrx_word' id='word_1_20' title='bbox 1656 603 2081 690; x_wconf 76' lang='lat' dir='ltr'><strong>indulgentias</strong></span> <span class='ocrx_word' id='word_1_21' title='bbox 2113 602 2540 667; x_wconf 88' lang='lat' dir='ltr'><strong>Romanorum</strong></span> <span class='ocrx_word' id='word_1_22' title='bbox 2571 599 2938 687; x_wconf 84' lang='lat' dir='ltr'><strong>pontificum</strong></span> <span class='ocrx_word' id='word_1_23' title='bbox 2973 599 3224 664; x_wconf 80' lang='lat' dir='ltr'><strong>dictum</strong></span> 
     </span>
     <span class='ocr_line' id='line_1_5' title="bbox 550 695 3224 801; baseline -0.005 -19"><span class='ocrx_word' id='word_1_24' title='bbox 550 717 686 799; x_wconf 89' lang='lat' dir='ltr'><strong>hoc,</strong></span> <span class='ocrx_word' id='word_1_25' title='bbox 733 716 843 782; x_wconf 87' lang='lat' dir='ltr'><strong>sed</strong></span> <span class='ocrx_word' id='word_1_26' title='bbox 888 717 954 779; x_wconf 91' lang='lat' dir='ltr'><strong>in</strong></span> <span class='ocrx_word' id='word_1_27' title='bbox 1000 716 1208 800; x_wconf 89' lang='lat' dir='ltr'><strong>ipsum</strong></span> <span class='ocrx_word' id='word_1_28' title='bbox 1240 695 1517 801; x_wconf 63' lang='lat' dir='ltr'><strong>&#39;quoque</strong></span> <span class='ocrx_word' id='word_1_29' title='bbox 1564 710 1885 776; x_wconf 84' lang='lat' dir='ltr'><strong>Christum</strong></span> <span class='ocrx_word' id='word_1_30' title='bbox 1945 710 1989 776; x_wconf 88' lang='lat' dir='ltr'>J</span> <span class='ocrx_word' id='word_1_31' title='bbox 1991 732 2166 775; x_wconf 88' lang='lat' dir='ltr'><strong>esum</strong></span> <span class='ocrx_word' id='word_1_32' title='bbox 2212 709 2569 790; x_wconf 87' lang='lat' dir='ltr'><strong>videretur,</strong></span> <span class='ocrx_word' id='word_1_33' title='bbox 2629 708 2739 794; x_wconf 89' lang='lat' dir='ltr'><strong>qui</strong></span> <span class='ocrx_word' id='word_1_34' title='bbox 2784 705 2977 771; x_wconf 89' lang='lat' dir='ltr'><strong>Petro</strong></span> <span class='ocrx_word' id='word_1_35' title='bbox 3022 706 3224 770; x_wconf 85' lang='lat' dir='ltr'><strong>inter·</strong></span> 
     </span>
     <span class='ocr_line' id='line_1_6' title="bbox 548 811 3224 908; baseline -0.005 -20"><span class='ocrx_word' id='word_1_36' title='bbox 548 822 801 908; x_wconf 85' lang='lat' dir='ltr'><strong>roganti</strong></span> <span class='ocrx_word' id='word_1_37' title='bbox 855 819 1212 906; x_wconf 84' lang='lat' dir='ltr'><strong>respondit:</strong></span> <span class='ocrx_word' id='word_1_38' title='bbox 1260 818 1493 885; x_wconf 89' lang='lat' dir='ltr'><strong>nedum</strong></span> <span class='ocrx_word' id='word_1_39' title='bbox 1553 819 1811 905; x_wconf 88' lang='lat' dir='ltr'><strong>septies,</strong></span> <span class='ocrx_word' id='word_1_40' title='bbox 1870 816 1978 882; x_wconf 89' lang='lat' dir='ltr'><strong>sed</strong></span> <span class='ocrx_word' id='word_1_41' title='bbox 2039 816 2399 903; x_wconf 78' lang='lat' dir='ltr'><strong>septuagies</strong></span> <span class='ocrx_word' id='word_1_42' title='bbox 2444 815 2670 901; x_wconf 89' lang='lat' dir='ltr'><strong>septies</strong></span> <span class='ocrx_word' id='word_1_43' title='bbox 2714 811 3106 901; x_wconf 88' lang='lat' dir='ltr'><strong>parcendum</strong></span> <span class='ocrx_word' id='word_1_44' title='bbox 3157 821 3224 876; x_wconf 91' lang='lat' dir='ltr'><strong>et</strong></span> 
     </span>
     <span class='ocr_line' id='line_1_7' title="bbox 550 923 3307 1013; baseline -0.004 -20"><span class='ocrx_word' id='word_1_45' title='bbox 550 928 837 994; x_wconf 85' lang='lat' dir='ltr'><strong>redeunti</strong></span> <span class='ocrx_word' id='word_1_46' title='bbox 885 927 969 992; x_wconf 92' lang='lat' dir='ltr'><strong>ad</strong></span> <span class='ocrx_word' id='word_1_47' title='bbox 1014 927 1425 1013; x_wconf 88' lang='lat' dir='ltr'><strong>penitentiam</strong></span> <span class='ocrx_word' id='word_1_48' title='bbox 1471 923 1930 1011; x_wconf 90' lang='lat' dir='ltr'><strong>indulgendum</strong></span> <span class='ocrx_word' id='word_1_49' title='bbox 1963 923 2032 1012; x_wconf 92' lang='lat'><strong>¹).</strong></span> <span class='ocrx_word' id='word_1_50' title='bbox 3273 935 3307 989; x_wconf 87' lang='lat'><strong>5</strong></span> 
     </span>
    </p>
   </div>
   <div class='ocr_carea' id='block_1_4' title="bbox 550 1133 3223 1332">
    <p class='ocr_par' dir='ltr' id='par_1_4' title="bbox 550 1133 3223 1332">
     <span class='ocr_line' id='line_1_8' title="bbox 728 1133 3223 1225; baseline -0.002 -22"><span class='ocrx_word' id='word_1_51' title='bbox 728 1144 788 1204; x_wconf 78' lang='lat'><strong>4.</strong></span> <span class='ocrx_word' id='word_1_52' title='bbox 882 1139 1197 1220; x_wconf 78' lang='lat' dir='ltr'><strong>Quartum</strong></span> <span class='ocrx_word' id='word_1_53' title='bbox 1243 1159 1589 1225; x_wconf 80' lang='lat' dir='ltr'><strong>gravamen</strong></span> <span class='ocrx_word' id='word_1_54' title='bbox 1650 1134 2029 1202; x_wconf 87' lang='lat' dir='ltr'><strong>corolarium</strong></span> <span class='ocrx_word' id='word_1_55' title='bbox 2088 1143 2183 1201; x_wconf 84' lang='lat' dir='ltr'><strong>est</strong></span> <span class='ocrx_word' id='word_1_56' title='bbox 2242 1134 2603 1222; x_wconf 85' lang='lat' dir='ltr'><strong>precedenti</strong></span> <span class='ocrx_word' id='word_1_57' title='bbox 2648 1141 2712 1200; x_wconf 93' lang='lat' dir='ltr'><strong>et</strong></span> <span class='ocrx_word' id='word_1_58' title='bbox 2755 1156 2840 1198; x_wconf 87' lang='lat' dir='ltr'><strong>ex</strong></span> <span class='ocrx_word' id='word_1_59' title='bbox 2872 1133 3013 1220; x_wconf 90' lang='lat' dir='ltr'><strong>jam</strong></span> <span class='ocrx_word' id='word_1_60' title='bbox 3057 1134 3223 1198; x_wconf 81' lang='lat' dir='ltr'><strong>actis</strong></span> 
     </span>
     <span class='ocr_line' id='line_1_9' title="bbox 550 1244 1578 1332; baseline -0.003 -21"><span class='ocrx_word' id='word_1_61' title='bbox 550 1246 853 1313; x_wconf 87' lang='lat' dir='ltr'><strong>habunde</strong></span> <span class='ocrx_word' id='word_1_62' title='bbox 898 1244 1217 1311; x_wconf 87' lang='lat' dir='ltr'><strong>sublatum</strong></span> <span class='ocrx_word' id='word_1_63' title='bbox 1262 1252 1578 1332; x_wconf 86' lang='lat' dir='ltr'><strong>putamus.</strong></span> 
     </span>
    </p>
   </div>
   <div class='ocr_carea' id='block_1_5' title="bbox 551 1456 3304 4111">
    <p class='ocr_par' dir='ltr' id='par_1_5' title="bbox 551 1456 3304 4111">
     <span class='ocr_line' id='line_1_10' title="bbox 729 1456 3213 1545; baseline -0.002 -21"><span class='ocrx_word' id='word_1_64' title='bbox 729 1463 784 1525; x_wconf 85' lang='lat'><strong>5.</strong></span> <span class='ocrx_word' id='word_1_65' title='bbox 876 1458 1066 1540; x_wconf 79' lang='lat' dir='ltr'><strong>Quod</strong></span> <span class='ocrx_word' id='word_1_66' title='bbox 1098 1481 1251 1523; x_wconf 85' lang='lat' dir='ltr'><strong>vero</strong></span> <span class='ocrx_word' id='word_1_67' title='bbox 1297 1458 1518 1545; x_wconf 89' lang='lat' dir='ltr'><strong>quinto</strong></span> <span class='ocrx_word' id='word_1_68' title='bbox 1563 1456 1702 1522; x_wconf 89' lang='lat' dir='ltr'><strong>loco</strong></span> <span class='ocrx_word' id='word_1_69' title='bbox 1747 1479 1865 1544; x_wconf 90' lang='lat' dir='ltr'><strong>pro</strong></span> <span class='ocrx_word' id='word_1_70' title='bbox 1910 1457 2279 1543; x_wconf 82' lang='lat' dir='ltr'><strong>gravamine</strong></span> <span class='ocrx_word' id='word_1_71' title='bbox 2325 1457 2601 1542; x_wconf 86' lang='lat' dir='ltr'><strong>ponitur,</strong></span> <span class='ocrx_word' id='word_1_72' title='bbox 2647 1477 2964 1520; x_wconf 90' lang='lat' dir='ltr'><strong>summum</strong></span> <span class='ocrx_word' id='word_1_73' title='bbox 3011 1456 3213 1542; x_wconf 91' lang='lat' dir='ltr'><strong>ponti-</strong></span> 
     </span>
     <span class='ocr_line' id='line_1_11' title="bbox 551 1560 3217 1654; baseline -0.003 -21"><span class='ocrx_word' id='word_1_74' title='bbox 551 1568 733 1633; x_wconf 87' lang='lat' dir='ltr'><strong>ficem</strong></span> <span class='ocrx_word' id='word_1_75' title='bbox 782 1575 1146 1654; x_wconf 89' lang='lat' dir='ltr'><strong>ceterosque</strong></span> <span class='ocrx_word' id='word_1_76' title='bbox 1204 1566 1534 1652; x_wconf 89' lang='lat' dir='ltr'><strong>episcopos</strong></span> <span class='ocrx_word' id='word_1_77' title='bbox 1590 1585 1668 1628; x_wconf 88' lang='lat' dir='ltr'><strong>ac</strong></span> <span class='ocrx_word' id='word_1_78' title='bbox 1725 1562 1990 1629; x_wconf 83' lang='lat' dir='ltr'><strong>ecclesie</strong></span> <span class='ocrx_word' id='word_1_79' title='bbox 2035 1562 2317 1628; x_wconf 86' lang='lat' dir='ltr'><strong>Romane</strong></span> <span class='ocrx_word' id='word_1_80' title='bbox 2376 1561 2705 1627; x_wconf 85' lang='lat' dir='ltr'><strong>columnas</strong></span> <span class='ocrx_word' id='word_1_81' title='bbox 2747 1584 2936 1627; x_wconf 88' lang='lat' dir='ltr'><strong>casus</strong></span> <span class='ocrx_word' id='word_1_82' title='bbox 2978 1560 3217 1649; x_wconf 89' lang='lat' dir='ltr'><strong>aliquot</strong></span> 
     </span>
     <span class='ocr_line' id='line_1_12' title="bbox 554 1668 3303 1758; baseline -0.001 -18"><span class='ocrx_word' id='word_1_83' title='bbox 554 1696 665 1740; x_wconf 89' lang='lat' dir='ltr'><strong>sue</strong></span> <span class='ocrx_word' id='word_1_84' title='bbox 710 1682 957 1738; x_wconf 89' lang='lat' dir='ltr'><strong>tantum</strong></span> <span class='ocrx_word' id='word_1_85' title='bbox 988 1670 1370 1737; x_wconf 88' lang='lat' dir='ltr'><strong>absolutioni</strong></span> <span class='ocrx_word' id='word_1_86' title='bbox 1400 1670 1674 1758; x_wconf 87' lang='lat' dir='ltr'><strong>reliquos</strong></span> <span class='ocrx_word' id='word_1_87' title='bbox 1718 1670 1959 1753; x_wconf 84' lang='lat' dir='ltr'><strong>fecisse,</strong></span> <span class='ocrx_word' id='word_1_88' title='bbox 2004 1692 2131 1735; x_wconf 90' lang='lat' dir='ltr'><strong>non</strong></span> <span class='ocrx_word' id='word_1_89' title='bbox 2163 1676 2258 1735; x_wconf 90' lang='lat' dir='ltr'><strong>est</strong></span> <span class='ocrx_word' id='word_1_90' title='bbox 2296 1668 2467 1758; x_wconf 88' lang='lat' dir='ltr'><strong>quod</strong></span> <span class='ocrx_word' id='word_1_91' title='bbox 2508 1691 2623 1755; x_wconf 89' lang='lat' dir='ltr'><strong>pro</strong></span> <span class='ocrx_word' id='word_1_92' title='bbox 2654 1690 2843 1734; x_wconf 88' lang='lat' dir='ltr'><strong>onere</strong></span> <span class='ocrx_word' id='word_1_93' title='bbox 2872 1675 3213 1755; x_wconf 89' lang='lat' dir='ltr'><strong>reputetur.</strong></span> <span class='ocrx_word' id='word_1_94' title='bbox 3232 1684 3303 1737; x_wconf 85' lang='lat'><strong>10</strong></span> 
     </span>
     <span class='ocr_line' id='line_1_13' title="bbox 554 1774 3213 1865; baseline -0.002 -20"><span class='ocrx_word' id='word_1_95' title='bbox 554 1782 717 1846; x_wconf 88' lang='lat' dir='ltr'><strong>sicut</strong></span> <span class='ocrx_word' id='word_1_96' title='bbox 760 1782 929 1844; x_wconf 91' lang='lat' dir='ltr'><strong>enim</strong></span> <span class='ocrx_word' id='word_1_97' title='bbox 974 1780 1305 1865; x_wconf 89' lang='lat' dir='ltr'><strong>episcopus</strong></span> <span class='ocrx_word' id='word_1_98' title='bbox 1352 1779 1461 1864; x_wconf 90' lang='lat' dir='ltr'><strong>qui</strong></span> <span class='ocrx_word' id='word_1_99' title='bbox 1507 1800 1620 1842; x_wconf 88' lang='lat' dir='ltr'><strong>sue</strong></span> <span class='ocrx_word' id='word_1_100' title='bbox 1664 1776 1932 1842; x_wconf 85' lang='lat' dir='ltr'><strong>diocesis</strong></span> <span class='ocrx_word' id='word_1_101' title='bbox 1981 1799 2200 1842; x_wconf 89' lang='lat' dir='ltr'><strong>curam</strong></span> <span class='ocrx_word' id='word_1_102' title='bbox 2244 1774 2457 1859; x_wconf 86' lang='lat' dir='ltr'><strong>habet,</strong></span> <span class='ocrx_word' id='word_1_103' title='bbox 2503 1775 2674 1841; x_wconf 90' lang='lat' dir='ltr'><strong>illam</strong></span> <span class='ocrx_word' id='word_1_104' title='bbox 2705 1774 2996 1863; x_wconf 87' lang='lat' dir='ltr'><strong>pluribus</strong></span> <span class='ocrx_word' id='word_1_105' title='bbox 3026 1777 3213 1863; x_wconf 82' lang='lat' dir='ltr'><strong>parti·</strong></span> 
     </span>
     <span class='ocr_line' id='line_1_14' title="bbox 555 1883 3213 1971; baseline -0.002 -19"><span class='ocrx_word' id='word_1_106' title='bbox 555 1893 660 1952; x_wconf 91' lang='lat' dir='ltr'><strong>tur</strong></span> <span class='ocrx_word' id='word_1_107' title='bbox 704 1884 1137 1952; x_wconf 88' lang='lat' dir='ltr'><strong>sacerdotibus</strong></span> <span class='ocrx_word' id='word_1_108' title='bbox 1181 1907 1300 1950; x_wconf 89' lang='lat' dir='ltr'><strong>nec</strong></span> <span class='ocrx_word' id='word_1_109' title='bbox 1345 1886 1521 1949; x_wconf 87' lang='lat' dir='ltr'><strong>oneri</strong></span> <span class='ocrx_word' id='word_1_110' title='bbox 1566 1885 1916 1971; x_wconf 82' lang='lat' dir='ltr'><strong>imputatur</strong></span> <span class='ocrx_word' id='word_1_111' title='bbox 1945 1884 2117 1971; x_wconf 89' lang='lat' dir='ltr'><strong>quod</strong></span> <span class='ocrx_word' id='word_1_112' title='bbox 2149 1884 2506 1949; x_wconf 87' lang='lat' dir='ltr'><strong>universam</strong></span> <span class='ocrx_word' id='word_1_113' title='bbox 2553 1884 2662 1948; x_wconf 91' lang='lat' dir='ltr'><strong>uni</strong></span> <span class='ocrx_word' id='word_1_114' title='bbox 2707 1904 2835 1948; x_wconf 90' lang='lat' dir='ltr'><strong>non</strong></span> <span class='ocrx_word' id='word_1_115' title='bbox 2881 1883 3213 1965; x_wconf 84' lang='lat' dir='ltr'><strong>comiserit,</strong></span> 
     </span>
     <span class='ocr_line' id='line_1_15' title="bbox 555 1989 3214 2079; baseline -0.002 -21"><span class='ocrx_word' id='word_1_116' title='bbox 555 1994 645 2059; x_wconf 88' lang='lat' dir='ltr'><strong>sic</strong></span> <span class='ocrx_word' id='word_1_117' title='bbox 692 2015 821 2058; x_wconf 91' lang='lat' dir='ltr'><strong>non</strong></span> <span class='ocrx_word' id='word_1_118' title='bbox 852 2000 944 2057; x_wconf 89' lang='lat' dir='ltr'><strong>est</strong></span> <span class='ocrx_word' id='word_1_119' title='bbox 985 1991 1157 2079; x_wconf 91' lang='lat' dir='ltr'><strong>quod</strong></span> <span class='ocrx_word' id='word_1_120' title='bbox 1188 1992 1330 2079; x_wconf 88' lang='lat' dir='ltr'><strong>quis</strong></span> <span class='ocrx_word' id='word_1_121' title='bbox 1360 2001 1663 2078; x_wconf 82' lang='lat' dir='ltr'><strong>gravetur</strong></span> <span class='ocrx_word' id='word_1_122' title='bbox 1693 1992 1745 2056; x_wconf 93' lang='lat' dir='ltr'><strong>si</strong></span> <span class='ocrx_word' id='word_1_123' title='bbox 1777 1989 1900 2056; x_wconf 89' lang='lat' dir='ltr'><strong>sibi</strong></span> <span class='ocrx_word' id='word_1_124' title='bbox 1929 1990 2200 2079; x_wconf 89' lang='lat' dir='ltr'><strong>quedam</strong></span> <span class='ocrx_word' id='word_1_125' title='bbox 2232 1997 2513 2056; x_wconf 87' lang='lat' dir='ltr'><strong>reservat</strong></span> <span class='ocrx_word' id='word_1_126' title='bbox 2548 1992 2880 2077; x_wconf 86' lang='lat' dir='ltr'><strong>episcopus</strong></span> <span class='ocrx_word' id='word_1_127' title='bbox 2911 1997 3025 2055; x_wconf 88' lang='lat' dir='ltr'><strong>aut</strong></span> <span class='ocrx_word' id='word_1_128' title='bbox 3053 2012 3214 2054; x_wconf 88' lang='lat' dir='ltr'><strong>sum-</strong></span> 
     </span>
     <span class='ocr_line' id='line_1_16' title="bbox 556 2095 3216 2187; baseline -0.002 -22"><span class='ocrx_word' id='word_1_129' title='bbox 556 2123 697 2165; x_wconf 89' lang='lat' dir='ltr'><strong>mus</strong></span> <span class='ocrx_word' id='word_1_130' title='bbox 742 2099 1050 2187; x_wconf 79' lang='lat' dir='ltr'><strong>pontifex,</strong></span> <span class='ocrx_word' id='word_1_131' title='bbox 1097 2120 1366 2186; x_wconf 91' lang='lat' dir='ltr'><strong>quorum</strong></span> <span class='ocrx_word' id='word_1_132' title='bbox 1414 2120 1633 2163; x_wconf 89' lang='lat' dir='ltr'><strong>curam</strong></span> <span class='ocrx_word' id='word_1_133' title='bbox 1680 2105 1912 2185; x_wconf 89' lang='lat' dir='ltr'><strong>putant</strong></span> <span class='ocrx_word' id='word_1_134' title='bbox 1968 2119 2103 2163; x_wconf 88' lang='lat' dir='ltr'><strong>esse</strong></span> <span class='ocrx_word' id='word_1_135' title='bbox 2157 2097 2460 2184; x_wconf 88' lang='lat' dir='ltr'><strong>maj0rem</strong></span> <span class='ocrx_word' id='word_1_136' title='bbox 2506 2119 2695 2184; x_wconf 89' lang='lat' dir='ltr'><strong>quam</strong></span> <span class='ocrx_word' id='word_1_137' title='bbox 2743 2096 2916 2184; x_wconf 91' lang='lat' dir='ltr'><strong>quod</strong></span> <span class='ocrx_word' id='word_1_138' title='bbox 2962 2095 3216 2161; x_wconf 85' lang='lat' dir='ltr'><strong>cuilibet</strong></span> 
     </span>
     <span class='ocr_line' id='line_1_17' title="bbox 560 2202 3301 2291; baseline 0 -20"><span class='ocrx_word' id='word_1_139' title='bbox 560 2208 921 2273; x_wconf 83' lang='lat' dir='ltr'><strong>comittatur</strong></span> <span class='ocrx_word' id='word_1_140' title='bbox 966 2205 1278 2271; x_wconf 89' lang='lat' dir='ltr'><strong>sacerdoti</strong></span> <span class='ocrx_word' id='word_1_141' title='bbox 1295 2254 1314 2287; x_wconf 90' lang='lat'><strong>,</strong></span> <span class='ocrx_word' id='word_1_142' title='bbox 1374 2205 1863 2291; x_wconf 86' lang='lat' dir='ltr'><strong>universamque</strong></span> <span class='ocrx_word' id='word_1_143' title='bbox 1908 2227 2088 2270; x_wconf 89' lang='lat' dir='ltr'><strong>suam</strong></span> <span class='ocrx_word' id='word_1_144' title='bbox 2135 2205 2572 2269; x_wconf 85' lang='lat' dir='ltr'><strong>auctoritatem</strong></span> <span class='ocrx_word' id='word_1_145' title='bbox 2619 2202 2882 2290; x_wconf 89' lang='lat' dir='ltr'><strong>singulis</strong></span> <span class='ocrx_word' id='word_1_146' title='bbox 2941 2226 3067 2269; x_wconf 92' lang='lat' dir='ltr'><strong>non</strong></span> <span class='ocrx_word' id='word_1_147' title='bbox 3114 2226 3214 2268; x_wconf 84' lang='lat' dir='ltr'><strong>co·</strong></span> <span class='ocrx_word' id='word_1_148' title='bbox 3233 2217 3301 2271; x_wconf 79' lang='lat'><strong>15</strong></span> 
     </span>
     <span class='ocr_line' id='line_1_18' title="bbox 556 2310 3218 2399; baseline -0 -22"><span class='ocrx_word' id='word_1_149' title='bbox 556 2314 881 2378; x_wconf 87' lang='lat' dir='ltr'><strong>municent</strong></span> <span class='ocrx_word' id='word_1_150' title='bbox 910 2310 1365 2393; x_wconf 87' lang='lat' dir='ltr'><strong>sacerdotibus,</strong></span> <span class='ocrx_word' id='word_1_151' title='bbox 1396 2310 1564 2399; x_wconf 89' lang='lat' dir='ltr'><strong>quod</strong></span> <span class='ocrx_word' id='word_1_152' title='bbox 1599 2313 1792 2376; x_wconf 89' lang='lat' dir='ltr'><strong>etiam</strong></span> <span class='ocrx_word' id='word_1_153' title='bbox 1822 2312 2059 2398; x_wconf 91' lang='lat' dir='ltr'><strong>optima</strong></span> <span class='ocrx_word' id='word_1_154' title='bbox 2090 2310 2422 2377; x_wconf 90' lang='lat' dir='ltr'><strong>inductum</strong></span> <span class='ocrx_word' id='word_1_155' title='bbox 2452 2318 2548 2376; x_wconf 90' lang='lat' dir='ltr'><strong>est</strong></span> <span class='ocrx_word' id='word_1_156' title='bbox 2577 2311 2840 2394; x_wconf 88' lang='lat' dir='ltr'><strong>ratione,</strong></span> <span class='ocrx_word' id='word_1_157' title='bbox 2870 2334 2953 2376; x_wconf 90' lang='lat' dir='ltr'><strong>ne</strong></span> <span class='ocrx_word' id='word_1_158' title='bbox 2983 2310 3218 2377; x_wconf 85' lang='lat' dir='ltr'><strong>scilicet</strong></span> 
     </span>
     <span class='ocr_line' id='line_1_19' title="bbox 557 2416 3214 2507; baseline -0 -24"><span class='ocrx_word' id='word_1_159' title='bbox 557 2420 829 2507; x_wconf 91' lang='lat' dir='ltr'><strong>populus</strong></span> <span class='ocrx_word' id='word_1_160' title='bbox 861 2420 1047 2483; x_wconf 89' lang='lat' dir='ltr'><strong>nimis</strong></span> <span class='ocrx_word' id='word_1_161' title='bbox 1077 2417 1245 2483; x_wconf 85' lang='lat' dir='ltr'><strong>facili</strong></span> <span class='ocrx_word' id='word_1_162' title='bbox 1276 2419 1603 2504; x_wconf 89' lang='lat' dir='ltr'><strong>proposita</strong></span> <span class='ocrx_word' id='word_1_163' title='bbox 1623 2418 2008 2483; x_wconf 88' lang='lat' dir='ltr'><strong>remissionis</strong></span> <span class='ocrx_word' id='word_1_164' title='bbox 2031 2416 2333 2483; x_wconf 84' lang='lat' dir='ltr'><strong>facultate</strong></span> <span class='ocrx_word' id='word_1_165' title='bbox 2354 2416 2702 2505; x_wconf 86' lang='lat' dir='ltr'><strong>proclivius</strong></span> <span class='ocrx_word' id='word_1_166' title='bbox 2723 2418 2790 2482; x_wconf 91' lang='lat' dir='ltr'><strong>in</strong></span> <span class='ocrx_word' id='word_1_167' title='bbox 2814 2418 3054 2483; x_wconf 87' lang='lat' dir='ltr'><strong>scelera</strong></span> <span class='ocrx_word' id='word_1_168' title='bbox 3074 2440 3214 2505; x_wconf 84' lang='lat' dir='ltr'><strong>pro-</strong></span> 
     </span>
     <span class='ocr_line' id='line_1_20' title="bbox 558 2524 3214 2613; baseline -0 -22"><span class='ocrx_word' id='word_1_169' title='bbox 558 2524 841 2609; x_wconf 75' lang='lat' dir='ltr'><strong>labatur-3</strong></span> <span class='ocrx_word' id='word_1_170' title='bbox 873 2533 942 2590; x_wconf 91' lang='lat' dir='ltr'><strong>ut</strong></span> <span class='ocrx_word' id='word_1_171' title='bbox 964 2526 1191 2612; x_wconf 88' lang='lat' dir='ltr'><strong>majori</strong></span> <span class='ocrx_word' id='word_1_172' title='bbox 1214 2524 1650 2590; x_wconf 88' lang='lat' dir='ltr'><strong>erubescentia</strong></span> <span class='ocrx_word' id='word_1_173' title='bbox 1667 2527 1883 2612; x_wconf 88' lang='lat' dir='ltr'><strong>(quam</strong></span> <span class='ocrx_word' id='word_1_174' title='bbox 1908 2527 2248 2611; x_wconf 87' lang='lat' dir='ltr'><strong>penitentie</strong></span> <span class='ocrx_word' id='word_1_175' title='bbox 2269 2534 2514 2613; x_wconf 84' lang='lat' dir='ltr'><strong>partem</strong></span> <span class='ocrx_word' id='word_1_176' title='bbox 2539 2548 2664 2591; x_wconf 91' lang='lat' dir='ltr'><strong>non</strong></span> <span class='ocrx_word' id='word_1_177' title='bbox 2689 2525 3214 2590; x_wconf 85' lang='lat' dir='ltr'><strong>contemnendam</strong></span> 
     </span>
     <span class='ocr_line' id='line_1_21' title="bbox 558 2629 3216 2722; baseline 0.001 -26"><span class='ocrx_word' id='word_1_178' title='bbox 558 2632 816 2698; x_wconf 82' lang='lat' dir='ltr'><strong>voluere</strong></span> <span class='ocrx_word' id='word_1_179' title='bbox 849 2633 1012 2697; x_wconf 90' lang='lat' dir='ltr'><strong>sacri</strong></span> <span class='ocrx_word' id='word_1_180' title='bbox 1042 2631 1362 2718; x_wconf 88' lang='lat' dir='ltr'><strong>doctores)</strong></span> <span class='ocrx_word' id='word_1_181' title='bbox 1393 2633 1659 2698; x_wconf 88' lang='lat' dir='ltr'><strong>crimina</strong></span> <span class='ocrx_word' id='word_1_182' title='bbox 1688 2632 2095 2720; x_wconf 83' lang='lat' dir='ltr'><strong>detegantur3</strong></span> <span class='ocrx_word' id='word_1_183' title='bbox 2141 2640 2214 2698; x_wconf 92' lang='lat' dir='ltr'><strong>ut</strong></span> <span class='ocrx_word' id='word_1_184' title='bbox 2243 2629 2365 2722; x_wconf 76' lang='lat' dir='ltr'><strong>que</strong></span> <span class='ocrx_word' id='word_1_185' title='bbox 2394 2634 2694 2719; x_wconf 84' lang='lat' dir='ltr'><strong>graviora</strong></span> <span class='ocrx_word' id='word_1_186' title='bbox 2725 2642 2874 2698; x_wconf 91' lang='lat' dir='ltr'><strong>sunt</strong></span> <span class='ocrx_word' id='word_1_187' title='bbox 2901 2641 2966 2699; x_wconf 86' lang='lat' dir='ltr'><strong>et</strong></span> <span class='ocrx_word' id='word_1_188' title='bbox 2996 2634 3216 2721; x_wconf 90' lang='lat' dir='ltr'><strong>majori</strong></span> 
     </span>
     <span class='ocr_line' id='line_1_22' title="bbox 559 2739 3302 2827; baseline 0 -22"><span class='ocrx_word' id='word_1_189' title='bbox 559 2741 850 2826; x_wconf 88' lang='lat' dir='ltr'><strong>indigent</strong></span> <span class='ocrx_word' id='word_1_190' title='bbox 878 2741 1190 2823; x_wconf 86' lang='lat' dir='ltr'><strong>examine,</strong></span> <span class='ocrx_word' id='word_1_191' title='bbox 1238 2740 1319 2804; x_wconf 88' lang='lat' dir='ltr'><strong>ad</strong></span> <span class='ocrx_word' id='word_1_192' title='bbox 1368 2742 1570 2825; x_wconf 86' lang='lat' dir='ltr'><strong>magis</strong></span> <span class='ocrx_word' id='word_1_193' title='bbox 1613 2741 1886 2827; x_wconf 88' lang='lat' dir='ltr'><strong>peritum</strong></span> <span class='ocrx_word' id='word_1_194' title='bbox 1918 2747 1981 2805; x_wconf 90' lang='lat' dir='ltr'><strong>et</strong></span> <span class='ocrx_word' id='word_1_195' title='bbox 2010 2739 2209 2827; x_wconf 89' lang='lat' dir='ltr'><strong>pluris</strong></span> <span class='ocrx_word' id='word_1_196' title='bbox 2254 2740 2647 2806; x_wconf 85' lang='lat' dir='ltr'><strong>auctoritatis</strong></span> <span class='ocrx_word' id='word_1_197' title='bbox 2691 2739 3016 2805; x_wconf 86' lang='lat' dir='ltr'><strong>deferatur</strong></span> <span class='ocrx_word' id='word_1_198' title='bbox 3056 2742 3215 2804; x_wconf 89' lang='lat' dir='ltr'><strong>anti-</strong></span> <span class='ocrx_word' id='word_1_199' title='bbox 3233 2752 3302 2806; x_wconf 79' lang='lat'><strong>20</strong></span> 
     </span>
     <span class='ocr_line' id='line_1_23' title="bbox 560 2844 3219 2934; baseline -0 -22"><span class='ocrx_word' id='word_1_200' title='bbox 560 2848 786 2930; x_wconf 78' lang='lat' dir='ltr'><strong>etitem,</strong></span> <span class='ocrx_word' id='word_1_201' title='bbox 819 2846 984 2911; x_wconf 87' lang='lat' dir='ltr'><strong>sicut</strong></span> <span class='ocrx_word' id='word_1_202' title='bbox 1012 2846 1079 2909; x_wconf 93' lang='lat' dir='ltr'><strong>in</strong></span> <span class='ocrx_word' id='word_1_203' title='bbox 1109 2844 1514 2931; x_wconf 88' lang='lat' dir='ltr'><strong>gravioribus</strong></span> <span class='ocrx_word' id='word_1_204' title='bbox 1542 2845 1782 2911; x_wconf 89' lang='lat' dir='ltr'><strong>morbis</strong></span> <span class='ocrx_word' id='word_1_205' title='bbox 1812 2848 2136 2933; x_wconf 89' lang='lat' dir='ltr'><strong>peritiores</strong></span> <span class='ocrx_word' id='word_1_206' title='bbox 2171 2845 2546 2911; x_wconf 85' lang='lat' dir='ltr'><strong>adhibemus</strong></span> <span class='ocrx_word' id='word_1_207' title='bbox 2573 2845 2886 2930; x_wconf 82' lang='lat' dir='ltr'><strong>medicos3</strong></span> <span class='ocrx_word' id='word_1_208' title='bbox 2919 2854 2991 2912; x_wconf 90' lang='lat' dir='ltr'><strong>ut</strong></span> <span class='ocrx_word' id='word_1_209' title='bbox 3019 2848 3219 2934; x_wconf 84' lang='lat' dir='ltr'><strong>major</strong></span> 
     </span>
     <span class='ocr_line' id='line_1_24' title="bbox 563 2950 3216 3041; baseline 0 -23"><span class='ocrx_word' id='word_1_210' title='bbox 563 2954 755 3019; x_wconf 86' lang='lat' dir='ltr'><strong>etiam</strong></span> <span class='ocrx_word' id='word_1_211' title='bbox 801 2955 882 3018; x_wconf 88' lang='lat' dir='ltr'><strong>sit</strong></span> <span class='ocrx_word' id='word_1_212' title='bbox 922 2950 1336 3039; x_wconf 88' lang='lat' dir='ltr'><strong>peccantibus</strong></span> <span class='ocrx_word' id='word_1_213' title='bbox 1366 2951 1723 3018; x_wconf 90' lang='lat' dir='ltr'><strong>abstinendi</strong></span> <span class='ocrx_word' id='word_1_214' title='bbox 1765 2976 1920 3025; x_wconf 81' lang='lat' dir='ltr'><strong>cura</strong></span> <span class='ocrx_word' id='word_1_215' title='bbox 1965 2960 2028 3018; x_wconf 91' lang='lat' dir='ltr'><strong>et</strong></span> <span class='ocrx_word' id='word_1_216' title='bbox 2058 2952 2464 3040; x_wconf 89' lang='lat' dir='ltr'><strong>delinquendi</strong></span> <span class='ocrx_word' id='word_1_217' title='bbox 2496 2953 2896 3018; x_wconf 64' lang='lat' dir='ltr'><strong>verecundia</strong></span> <span class='ocrx_word' id='word_1_218' title='bbox 2957 2963 3021 3019; x_wconf 90' lang='lat' dir='ltr'><strong>et</strong></span> <span class='ocrx_word' id='word_1_219' title='bbox 3050 2953 3216 3041; x_wconf 89' lang='lat' dir='ltr'><strong>quod</strong></span> 
     </span>
     <span class='ocr_line' id='line_1_25' title="bbox 563 3059 3216 3147; baseline 0 -23"><span class='ocrx_word' id='word_1_220' title='bbox 563 3059 647 3124; x_wconf 90' lang='lat' dir='ltr'><strong>ad</strong></span> <span class='ocrx_word' id='word_1_221' title='bbox 694 3081 1008 3124; x_wconf 87' lang='lat' dir='ltr'><strong>summum</strong></span> <span class='ocrx_word' id='word_1_222' title='bbox 1056 3059 1445 3124; x_wconf 87' lang='lat' dir='ltr'><strong>sacerdotem</strong></span> <span class='ocrx_word' id='word_1_223' title='bbox 1493 3061 1734 3144; x_wconf 87' lang='lat' dir='ltr'><strong>attinet,</strong></span> <span class='ocrx_word' id='word_1_224' title='bbox 1772 3061 1913 3147; x_wconf 87' lang='lat' dir='ltr'><strong>jam</strong></span> <span class='ocrx_word' id='word_1_225' title='bbox 1958 3060 2068 3124; x_wconf 92' lang='lat' dir='ltr'><strong>diu</strong></span> <span class='ocrx_word' id='word_1_226' title='bbox 2116 3061 2426 3125; x_wconf 89' lang='lat' dir='ltr'><strong>sancitum</strong></span> <span class='ocrx_word' id='word_1_227' title='bbox 2473 3067 2536 3125; x_wconf 90' lang='lat' dir='ltr'><strong>et</strong></span> <span class='ocrx_word' id='word_1_228' title='bbox 2579 3060 2864 3125; x_wconf 88' lang='lat' dir='ltr'><strong>omnium</strong></span> <span class='ocrx_word' id='word_1_229' title='bbox 2910 3083 3216 3126; x_wconf 85' lang='lat' dir='ltr'><strong>consensu</strong></span> 
     </span>
     <span class='ocr_line' id='line_1_26' title="bbox 562 3166 3217 3254; baseline 0 -23"><span class='ocrx_word' id='word_1_230' title='bbox 562 3174 883 3253; x_wconf 87' lang='lat' dir='ltr'><strong>receptum</strong></span> <span class='ocrx_word' id='word_1_231' title='bbox 944 3166 1216 3252; x_wconf 86' lang='lat' dir='ltr'><strong>majores</strong></span> <span class='ocrx_word' id='word_1_232' title='bbox 1275 3189 1501 3231; x_wconf 88' lang='lat' dir='ltr'><strong>causas</strong></span> <span class='ocrx_word' id='word_1_233' title='bbox 1568 3166 1652 3232; x_wconf 89' lang='lat' dir='ltr'><strong>ad</strong></span> <span class='ocrx_word' id='word_1_234' title='bbox 1712 3167 2124 3254; x_wconf 87' lang='lat' dir='ltr'><strong>apostolicam</strong></span> <span class='ocrx_word' id='word_1_235' title='bbox 2169 3166 2383 3232; x_wconf 90' lang='lat' dir='ltr'><strong>sedem</strong></span> <span class='ocrx_word' id='word_1_236' title='bbox 2441 3166 2807 3233; x_wconf 86' lang='lat' dir='ltr'><strong>referendas</strong></span> <span class='ocrx_word' id='word_1_237' title='bbox 2849 3190 2893 3232; x_wconf 89' lang='lat' dir='ltr'><strong>a</strong></span> <span class='ocrx_word' id='word_1_238' title='bbox 2937 3166 3217 3233; x_wconf 85' lang='lat' dir='ltr'><strong>Damaso</strong></span> 
     </span>
     <span class='ocr_line' id='line_1_27' title="bbox 560 3270 3303 3359; baseline 0.002 -23"><span class='ocrx_word' id='word_1_239' title='bbox 560 3273 629 3336; x_wconf 90' lang='lat' dir='ltr'><strong>in</strong></span> <span class='ocrx_word' id='word_1_240' title='bbox 677 3294 731 3336; x_wconf 91' lang='lat' dir='ltr'><strong>c.</strong></span> <span class='ocrx_word' id='word_1_241' title='bbox 779 3270 928 3337; x_wconf 91' lang='lat' dir='ltr'><strong>huic</strong></span> <span class='ocrx_word' id='word_1_242' title='bbox 972 3272 1104 3338; x_wconf 91' lang='lat' dir='ltr'><strong>sedi</strong></span> <span class='ocrx_word' id='word_1_243' title='bbox 1133 3274 1221 3356; x_wconf 79' lang='lat'><strong>²);</strong></span> <span class='ocrx_word' id='word_1_244' title='bbox 1267 3280 1331 3338; x_wconf 89' lang='lat' dir='ltr'><strong>et</strong></span> <span class='ocrx_word' id='word_1_245' title='bbox 1359 3272 1669 3359; x_wconf 86' lang='lat' dir='ltr'><strong>Gregorio</strong></span> <span class='ocrx_word' id='word_1_246' title='bbox 1715 3275 1782 3339; x_wconf 89' lang='lat' dir='ltr'><strong>in</strong></span> <span class='ocrx_word' id='word_1_247' title='bbox 1827 3296 1880 3338; x_wconf 91' lang='lat' dir='ltr'><strong>c.</strong></span> <span class='ocrx_word' id='word_1_248' title='bbox 1926 3295 2047 3339; x_wconf 86' lang='lat' dir='ltr'><strong>nec</strong></span> <span class='ocrx_word' id='word_1_249' title='bbox 2093 3273 2271 3339; x_wconf 87' lang='lat' dir='ltr'><strong>licuit</strong></span> <span class='ocrx_word' id='word_1_250' title='bbox 2318 3286 2395 3341; x_wconf 85' lang='grc'><strong>17</strong></span> <span class='ocrx_word' id='word_1_251' title='bbox 2430 3272 2570 3338; x_wconf 91' lang='lat' dir='ltr'><strong>dist.</strong></span> <span class='ocrx_word' id='word_1_252' title='bbox 2599 3276 2688 3358; x_wconf 75' lang='grc'><strong>8);</strong></span> <span class='ocrx_word' id='word_1_253' title='bbox 2733 3272 2818 3339; x_wconf 90' lang='lat' dir='ltr'><strong>ab</strong></span> <span class='ocrx_word' id='word_1_254' title='bbox 2848 3274 3303 3341; x_wconf 48' lang='lat' dir='ltr'><strong>Innocentio&amp;</strong></span> 
     </span>
     <span class='ocr_line' id='line_1_28' title="bbox 560 3379 3219 3468; baseline 0.002 -25"><span class='ocrx_word' id='word_1_255' title='bbox 560 3380 767 3466; x_wconf 88' lang='lat' dir='ltr'><strong>primo</strong></span> <span class='ocrx_word' id='word_1_256' title='bbox 813 3380 877 3443; x_wconf 90' lang='lat' dir='ltr'><strong>in</strong></span> <span class='ocrx_word' id='word_1_257' title='bbox 924 3402 975 3444; x_wconf 87' lang='lat' dir='ltr'><strong>c.</strong></span> <span class='ocrx_word' id='word_1_258' title='bbox 1027 3380 1314 3466; x_wconf 90' lang='lat' dir='ltr'><strong>quotiens</strong></span> <span class='ocrx_word' id='word_1_259' title='bbox 1376 3389 1459 3445; x_wconf 82' lang='lat'><strong>24</strong></span> <span class='ocrx_word' id='word_1_260' title='bbox 1507 3402 1565 3466; x_wconf 88' lang='lat' dir='ltr'><strong>q.</strong></span> <span class='ocrx_word' id='word_1_261' title='bbox 1618 3391 1672 3446; x_wconf 93' lang='lat'><strong>1.</strong></span> <span class='ocrx_word' id='word_1_262' title='bbox 1700 3381 1784 3468; x_wconf 81' lang='lat'><strong>⁴),</strong></span> <span class='ocrx_word' id='word_1_263' title='bbox 1829 3402 1908 3446; x_wconf 89' lang='lat' dir='ltr'><strong>ac</strong></span> <span class='ocrx_word' id='word_1_264' title='bbox 1951 3380 2325 3446; x_wconf 90' lang='lat' dir='ltr'><strong>Innocentio</strong></span> <span class='ocrx_word' id='word_1_265' title='bbox 2383 3379 2502 3445; x_wconf 91' lang='grc' dir='ltr'><strong>ΠΙ.</strong></span> <span class='ocrx_word' id='word_1_266' title='bbox 2562 3382 2630 3446; x_wconf 86' lang='lat' dir='ltr'><strong>in</strong></span> <span class='ocrx_word' id='word_1_267' title='bbox 2688 3403 2744 3446; x_wconf 90' lang='lat' dir='ltr'><strong>c.</strong></span> <span class='ocrx_word' id='word_1_268' title='bbox 2809 3382 3084 3468; x_wconf 85' lang='lat' dir='ltr'><strong>majores</strong></span> <span class='ocrx_word' id='word_1_269' title='bbox 3141 3382 3219 3447; x_wconf 89' lang='lat' dir='ltr'><strong>de</strong></span> 
     </span>
     <span class='ocr_line' id='line_1_29' title="bbox 563 3484 3218 3578; baseline 0.002 -28"><span class='ocrx_word' id='word_1_270' title='bbox 563 3485 737 3572; x_wconf 87' lang='lat' dir='ltr'><strong>bapt.</strong></span> <span class='ocrx_word' id='word_1_271' title='bbox 770 3486 826 3571; x_wconf 81' lang='lat'><strong>⁶)</strong></span> <span class='ocrx_word' id='word_1_272' title='bbox 869 3493 933 3550; x_wconf 92' lang='lat' dir='ltr'><strong>et</strong></span> <span class='ocrx_word' id='word_1_273' title='bbox 964 3485 1104 3550; x_wconf 90' lang='lat' dir='ltr'><strong>aliis</strong></span> <span class='ocrx_word' id='word_1_274' title='bbox 1133 3506 1328 3572; x_wconf 89' lang='lat' dir='ltr'><strong>quam</strong></span> <span class='ocrx_word' id='word_1_275' title='bbox 1358 3484 1664 3573; x_wconf 90' lang='lat' dir='ltr'><strong>pluribus.</strong></span> <span class='ocrx_word' id='word_1_276' title='bbox 1739 3487 1807 3552; x_wconf 92' lang='lat' dir='ltr'><strong>id</strong></span> <span class='ocrx_word' id='word_1_277' title='bbox 1836 3488 2028 3553; x_wconf 89' lang='lat' dir='ltr'><strong>etiam</strong></span> <span class='ocrx_word' id='word_1_278' title='bbox 2073 3488 2141 3553; x_wconf 90' lang='lat' dir='ltr'><strong>in</strong></span> <span class='ocrx_word' id='word_1_279' title='bbox 2186 3489 2384 3553; x_wconf 87' lang='lat' dir='ltr'><strong>veteri</strong></span> <span class='ocrx_word' id='word_1_280' title='bbox 2413 3489 2830 3554; x_wconf 90' lang='lat' dir='ltr'><strong>instrumento</strong></span> <span class='ocrx_word' id='word_1_281' title='bbox 2859 3497 3218 3578; x_wconf 88' lang='lat' dir='ltr'><strong>receptum:</strong></span> 
     </span>
     <span class='ocr_line' id='line_1_30' title="bbox 561 3590 3222 3684; baseline 0.003 -29"><span class='ocrx_word' id='word_1_282' title='bbox 561 3590 834 3656; x_wconf 89' lang='lat' dir='ltr'><strong>traditur</strong></span> <span class='ocrx_word' id='word_1_283' title='bbox 878 3593 1046 3656; x_wconf 91' lang='lat' dir='ltr'><strong>enim</strong></span> <span class='ocrx_word' id='word_1_284' title='bbox 1092 3591 1257 3657; x_wconf 85' lang='lat' dir='ltr'><strong>Mosi</strong></span> <span class='ocrx_word' id='word_1_285' title='bbox 1315 3592 1685 3658; x_wconf 84' lang='lat' dir='ltr'><strong>mandatum</strong></span> <span class='ocrx_word' id='word_1_286' title='bbox 1731 3593 1965 3677; x_wconf 85' lang='lat' dir='ltr'><strong>(Exod.</strong></span> <span class='ocrx_word' id='word_1_287' title='bbox 2023 3598 2131 3677; x_wconf 83' lang='lat'><strong>18)</strong></span> <span class='ocrx_word' id='word_1_288' title='bbox 2157 3596 2234 3680; x_wconf 66' lang='grc' dir='ltr'><strong>θ),</strong></span> <span class='ocrx_word' id='word_1_289' title='bbox 2288 3595 2652 3682; x_wconf 82' lang='lat' dir='ltr'><strong>provideret</strong></span> <span class='ocrx_word' id='word_1_290' title='bbox 2694 3594 2775 3659; x_wconf 91' lang='lat' dir='ltr'><strong>de</strong></span> <span class='ocrx_word' id='word_1_291' title='bbox 2819 3598 2994 3661; x_wconf 90' lang='lat' dir='ltr'><strong>omni</strong></span> <span class='ocrx_word' id='word_1_292' title='bbox 3039 3595 3222 3684; x_wconf 87' lang='lat' dir='ltr'><strong>plebe</strong></span> 
     </span>
     <span class='ocr_line' id='line_1_31' title="bbox 561 3698 3222 3790; baseline 0.003 -27"><span class='ocrx_word' id='word_1_293' title='bbox 561 3698 734 3763; x_wconf 87' lang='lat' dir='ltr'><strong>viros</strong></span> <span class='ocrx_word' id='word_1_294' title='bbox 778 3699 1092 3783; x_wconf 85' lang='lat' dir='ltr'><strong>sapientes</strong></span> <span class='ocrx_word' id='word_1_295' title='bbox 1136 3706 1200 3763; x_wconf 86' lang='lat' dir='ltr'><strong>et</strong></span> <span class='ocrx_word' id='word_1_296' title='bbox 1244 3699 1455 3764; x_wconf 90' lang='lat' dir='ltr'><strong>Deum</strong></span> <span class='ocrx_word' id='word_1_297' title='bbox 1500 3700 1809 3783; x_wconf 87' lang='lat' dir='ltr'><strong>timentes,</strong></span> <span class='ocrx_word' id='word_1_298' title='bbox 1856 3701 1922 3765; x_wconf 91' lang='lat' dir='ltr'><strong>in</strong></span> <span class='ocrx_word' id='word_1_299' title='bbox 1969 3699 2199 3788; x_wconf 90' lang='lat' dir='ltr'><strong>quibus</strong></span> <span class='ocrx_word' id='word_1_300' title='bbox 2243 3708 2407 3767; x_wconf 87' lang='lat' dir='ltr'><strong>esset</strong></span> <span class='ocrx_word' id='word_1_301' title='bbox 2450 3703 2686 3767; x_wconf 83' lang='lat' dir='ltr'><strong>veritas</strong></span> <span class='ocrx_word' id='word_1_302' title='bbox 2715 3710 2779 3768; x_wconf 92' lang='lat' dir='ltr'><strong>et</strong></span> <span class='ocrx_word' id='word_1_303' title='bbox 2806 3705 2918 3790; x_wconf 89' lang='lat' dir='ltr'><strong>qui</strong></span> <span class='ocrx_word' id='word_1_304' title='bbox 2947 3703 3222 3770; x_wconf 86' lang='lat' dir='ltr'><strong>odissent</strong></span> 
     </span>
     <span class='ocr_line' id='line_1_32' title="bbox 562 3805 3304 3898; baseline 0.003 -30"><span class='ocrx_word' id='word_1_305' title='bbox 562 3805 914 3887; x_wconf 86' lang='lat' dir='ltr'><strong>avaritiam,</strong></span> <span class='ocrx_word' id='word_1_306' title='bbox 960 3812 1024 3869; x_wconf 89' lang='lat' dir='ltr'><strong>et</strong></span> <span class='ocrx_word' id='word_1_307' title='bbox 1069 3806 1470 3871; x_wconf 87' lang='lat' dir='ltr'><strong>constitueret</strong></span> <span class='ocrx_word' id='word_1_308' title='bbox 1514 3829 1596 3871; x_wconf 83' lang='lat' dir='ltr'><strong>ex</strong></span> <span class='ocrx_word' id='word_1_309' title='bbox 1641 3808 1731 3871; x_wconf 90' lang='lat' dir='ltr'><strong>eis</strong></span> <span class='ocrx_word' id='word_1_310' title='bbox 1777 3806 2065 3873; x_wconf 88' lang='lat' dir='ltr'><strong>tribunos</strong></span> <span class='ocrx_word' id='word_1_311' title='bbox 2110 3815 2172 3873; x_wconf 91' lang='lat' dir='ltr'><strong>et</strong></span> <span class='ocrx_word' id='word_1_312' title='bbox 2216 3809 2613 3876; x_wconf 88' lang='lat' dir='ltr'><strong>centuriones</strong></span> <span class='ocrx_word' id='word_1_313' title='bbox 2656 3816 2719 3876; x_wconf 91' lang='lat' dir='ltr'><strong>et</strong></span> <span class='ocrx_word' id='word_1_314' title='bbox 2749 3812 3220 3898; x_wconf 81' lang='lat' dir='ltr'><strong>quinquagena·</strong></span> <span class='ocrx_word' id='word_1_315' title='bbox 3236 3821 3304 3876; x_wconf 77' lang='lat'><strong>3⁰</strong></span> 
     </span>
     <span class='ocr_line' id='line_1_33' title="bbox 562 3910 3218 4007; baseline 0.004 -32"><span class='ocrx_word' id='word_1_316' title='bbox 562 3912 688 3976; x_wconf 89' lang='lat' dir='ltr'><strong>rios</strong></span> <span class='ocrx_word' id='word_1_317' title='bbox 732 3919 797 3976; x_wconf 90' lang='lat' dir='ltr'><strong>et</strong></span> <span class='ocrx_word' id='word_1_318' title='bbox 840 3910 1133 3995; x_wconf 90' lang='lat' dir='ltr'><strong>decanos,</strong></span> <span class='ocrx_word' id='word_1_319' title='bbox 1179 3913 1287 3999; x_wconf 89' lang='lat' dir='ltr'><strong>qui</strong></span> <span class='ocrx_word' id='word_1_320' title='bbox 1320 3912 1687 3999; x_wconf 85' lang='lat' dir='ltr'><strong>judicarent</strong></span> <span class='ocrx_word' id='word_1_321' title='bbox 1729 3912 2036 4000; x_wconf 89' lang='lat' dir='ltr'><strong>populum</strong></span> <span class='ocrx_word' id='word_1_322' title='bbox 2083 3917 2254 3980; x_wconf 92' lang='lat' dir='ltr'><strong>omni</strong></span> <span class='ocrx_word' id='word_1_323' title='bbox 2297 3923 2610 4003; x_wconf 79' lang='lat' dir='ltr'><strong>tempore3</strong></span> <span class='ocrx_word' id='word_1_324' title='bbox 2657 3918 2963 4007; x_wconf 85' lang='lat' dir='ltr'><strong>quiequid</strong></span> <span class='ocrx_word' id='word_1_325' title='bbox 3011 3926 3218 3985; x_wconf 83' lang='lat' dir='ltr'><strong>autem</strong></span> 
     </span>
     <span class='ocr_line' id='line_1_34' title="bbox 561 4018 3219 4111; baseline 0.003 -30"><span class='ocrx_word' id='word_1_326' title='bbox 561 4018 770 4104; x_wconf 89' lang='lat' dir='ltr'><strong>majus</strong></span> <span class='ocrx_word' id='word_1_327' title='bbox 799 4018 976 4101; x_wconf 87' lang='lat' dir='ltr'><strong>foret,</strong></span> <span class='ocrx_word' id='word_1_328' title='bbox 1007 4019 1384 4085; x_wconf 87' lang='lat' dir='ltr'><strong>refereretur</strong></span> <span class='ocrx_word' id='word_1_329' title='bbox 1414 4018 1497 4085; x_wconf 91' lang='lat' dir='ltr'><strong>ad</strong></span> <span class='ocrx_word' id='word_1_330' title='bbox 1526 4020 1749 4085; x_wconf 87' lang='lat' dir='ltr'><strong>Mosen</strong></span> <span class='ocrx_word' id='word_1_331' title='bbox 1789 4020 2053 4107; x_wconf 90' lang='lat' dir='ltr'><strong>perinde</strong></span> <span class='ocrx_word' id='word_1_332' title='bbox 2082 4023 2408 4109; x_wconf 88' lang='lat' dir='ltr'><strong>majorem,</strong></span> <span class='ocrx_word' id='word_1_333' title='bbox 2454 4031 2518 4089; x_wconf 88' lang='lat' dir='ltr'><strong>et</strong></span> <span class='ocrx_word' id='word_1_334' title='bbox 2543 4025 2666 4111; x_wconf 87' lang='lat' dir='ltr'><strong>ipsi</strong></span> <span class='ocrx_word' id='word_1_335' title='bbox 2695 4026 2948 4092; x_wconf 88' lang='lat' dir='ltr'><strong>minora</strong></span> <span class='ocrx_word' id='word_1_336' title='bbox 2978 4034 3219 4092; x_wconf 88' lang='lat' dir='ltr'><strong>tantum</strong></span> 
     </span>
    </p>
   </div>
   <div class='ocr_carea' id='block_1_6' title="bbox 563 4163 981 4171">
    <p class='ocr_par' dir='ltr' id='par_1_6' title="bbox 563 4163 981 4171">
     <span class='ocr_line' id='line_1_35' title="bbox 563 4163 981 4171; baseline 0 1129"><span class='ocrx_word' id='word_1_337' title='bbox 563 4163 981 4171; x_wconf 95' lang='lat' dir='ltr'><strong> </strong></span> 
     </span>
    </p>
   </div>
   <div class='ocr_carea' id='block_1_7' title="bbox 1000 4164 1091 4173">
    <p class='ocr_par' dir='ltr' id='par_1_7' title="bbox 1000 4164 1091 4173">
     <span class='ocr_line' id='line_1_36' title="bbox 1000 4164 1091 4173; baseline -0.011 0"><span class='ocrx_word' id='word_1_338' title='bbox 1000 4164 1091 4173; x_wconf 50' lang='lat' dir='ltr'><strong>—ooe-</strong></span> 
     </span>
    </p>
   </div>
   <div class='ocr_carea' id='block_1_8' title="bbox 705 4231 3299 4743">
    <p class='ocr_par' dir='ltr' id='par_1_8' title="bbox 710 4231 1438 4297">
     <span class='ocr_line' id='line_1_37' title="bbox 710 4231 1438 4297; baseline 0.003 -12"><span class='ocrx_word' id='word_1_339' title='bbox 710 4231 749 4297; x_wconf 89' lang='lat'><strong>¹)</strong></span> <span class='ocrx_word' id='word_1_340' title='bbox 786 4231 894 4286; x_wconf 82' lang='lat' dir='ltr'><strong>Ev.</strong></span> <span class='ocrx_word' id='word_1_341' title='bbox 933 4233 1117 4286; x_wconf 68' lang='lat' dir='ltr'><strong>Mam</strong></span> <span class='ocrx_word' id='word_1_342' title='bbox 1155 4235 1225 4285; x_wconf 87' lang='grc'><strong>18</strong></span> <span class='ocrx_word' id='word_1_343' title='bbox 1259 4249 1305 4286; x_wconf 83' lang='grc' dir='ltr'><strong>υ.</strong></span> <span class='ocrx_word' id='word_1_344' title='bbox 1343 4236 1438 4288; x_wconf 79' lang='lat'><strong>22.</strong></span> 
     </span>
    </p>

    <p class='ocr_par' dir='ltr' id='par_1_9' title="bbox 708 4318 1142 4385">
     <span class='ocr_line' id='line_1_38' title="bbox 708 4318 1142 4385; baseline -0.005 -10"><span class='ocrx_word' id='word_1_345' title='bbox 708 4318 753 4385; x_wconf 80' lang='lat'><strong>²)</strong></span> <span class='ocrx_word' id='word_1_346' title='bbox 793 4338 835 4374; x_wconf 80' lang='lat' dir='ltr'><strong>e.</strong></span> <span class='ocrx_word' id='word_1_347' title='bbox 876 4324 912 4374; x_wconf 89' lang='lat'><strong><em>3</em></strong></span> <span class='ocrx_word' id='word_1_348' title='bbox 947 4319 1022 4374; x_wconf 91' lang='lat' dir='ltr'><strong>D.</strong></span> <span class='ocrx_word' id='word_1_349' title='bbox 1058 4323 1142 4374; x_wconf 83' lang='lat'><strong>17.</strong></span> 
     </span>
    </p>

    <p class='ocr_par' dir='ltr' id='par_1_10' title="bbox 705 4407 3299 4567">
     <span class='ocr_line' id='line_1_39' title="bbox 705 4407 3299 4476; baseline -0.005 -12"><span class='ocrx_word' id='word_1_350' title='bbox 705 4407 751 4476; x_wconf 80' lang='lat'><strong>⁸)</strong></span> <span class='ocrx_word' id='word_1_351' title='bbox 792 4426 836 4464; x_wconf 83' lang='lat' dir='ltr'><strong>c.</strong></span> <span class='ocrx_word' id='word_1_352' title='bbox 876 4413 909 4462; x_wconf 80' lang='lat'><strong><em>4</em></strong></span> <span class='ocrx_word' id='word_1_353' title='bbox 946 4409 1021 4463; x_wconf 81' lang='lat'><strong>1).</strong></span> <span class='ocrx_word' id='word_1_354' title='bbox 1059 4411 1143 4462; x_wconf 83' lang='lat'><strong>17.</strong></span> <span class='ocrx_word' id='word_1_355' title='bbox 3236 4416 3299 4473; x_wconf 76' lang='lat'><strong>35</strong></span> 
     </span>
     <span class='ocr_line' id='line_1_40' title="bbox 706 4496 1533 4567; baseline 0 -14"><span class='ocrx_word' id='word_1_356' title='bbox 706 4496 752 4567; x_wconf 83' lang='lat'><strong>⁴)</strong></span> <span class='ocrx_word' id='word_1_357' title='bbox 793 4516 835 4553; x_wconf 81' lang='lat' dir='ltr'><strong>c.</strong></span> <span class='ocrx_word' id='word_1_358' title='bbox 875 4502 942 4551; x_wconf 77' lang='lat'><strong>12</strong></span> <span class='ocrx_word' id='word_1_359' title='bbox 980 4497 1036 4553; x_wconf 84' lang='lat' dir='ltr'><strong>C.</strong></span> <span class='ocrx_word' id='word_1_360' title='bbox 1073 4501 1147 4552; x_wconf 80' lang='lat'><strong>24</strong></span> <span class='ocrx_word' id='word_1_361' title='bbox 1186 4498 1348 4565; x_wconf 60' lang='grc' dir='ltr'><em>(οἰοῖ)</em></span> <span class='ocrx_word' id='word_1_362' title='bbox 1379 4516 1452 4553; x_wconf 75' lang='lat' dir='ltr'><strong>zu</strong></span> <span class='ocrx_word' id='word_1_363' title='bbox 1487 4504 1533 4553; x_wconf 93' lang='lat'><strong>1.</strong></span> 
     </span>
    </p>

    <p class='ocr_par' dir='ltr' id='par_1_11' title="bbox 708 4585 1409 4655">
     <span class='ocr_line' id='line_1_41' title="bbox 708 4585 1409 4655; baseline 0.004 -16"><span class='ocrx_word' id='word_1_364' title='bbox 708 4585 752 4655; x_wconf 76' lang='lat'><strong>⁸)</strong></span> <span class='ocrx_word' id='word_1_365' title='bbox 789 4586 859 4640; x_wconf 90' lang='lat' dir='ltr'><strong>L.</strong></span> <span class='ocrx_word' id='word_1_366' title='bbox 898 4587 1010 4641; x_wconf 86' lang='lat' dir='ltr'><strong>III</strong></span> <span class='ocrx_word' id='word_1_367' title='bbox 1042 4588 1127 4642; x_wconf 76' lang='lat' dir='ltr'><strong>tit.</strong></span> <span class='ocrx_word' id='word_1_368' title='bbox 1165 4590 1240 4642; x_wconf 69' lang='lat'><strong>42</strong></span> <span class='ocrx_word' id='word_1_369' title='bbox 1278 4603 1321 4643; x_wconf 85' lang='lat' dir='ltr'><strong>c.</strong></span> <span class='ocrx_word' id='word_1_370' title='bbox 1358 4592 1409 4642; x_wconf 89' lang='grc'><strong>3.</strong></span> 
     </span>
    </p>

    <p class='ocr_par' dir='ltr' id='par_1_12' title="bbox 708 4674 1292 4743">
     <span class='ocr_line' id='line_1_42' title="bbox 708 4674 1292 4743; baseline 0.003 -16"><span class='ocrx_word' id='word_1_371' title='bbox 708 4674 752 4743; x_wconf 78' lang='lat'><strong>⁸)</strong></span> <span class='ocrx_word' id='word_1_372' title='bbox 790 4676 981 4728; x_wconf 74' lang='lat' dir='ltr'><strong>2Mos.</strong></span> <span class='ocrx_word' id='word_1_373' title='bbox 1021 4682 1089 4729; x_wconf 80' lang='lat'><strong>18</strong></span> <span class='ocrx_word' id='word_1_374' title='bbox 1126 4693 1168 4729; x_wconf 78' lang='lat' dir='ltr'><strong>r.</strong></span> <span class='ocrx_word' id='word_1_375' title='bbox 1205 4680 1292 4729; x_wconf 74' lang='lat'><strong>21.</strong></span> 
     </span>
    </p>
   </div>
   <div class='ocr_carea' id='block_1_9' title="bbox 3467 4552 3474 5072">
    <p class='ocr_par' dir='ltr' id='par_1_13' title="bbox 3467 4552 3474 5072">
     <span class='ocr_line' id='line_1_43' title="bbox 3467 4552 3474 5072; baseline 0 0"><span class='ocrx_word' id='word_1_376' title='bbox 3467 4552 3474 5072; x_wconf 95' lang='lat' dir='ltr'><strong> </strong></span> 
     </span>
    </p>
   </div>
  </div>
 </body>
</html>
