3500 5300
544 325 652 389 408
1662 323 2093 382 Νο.1*;1536.

356 529 492 577 1536
545 525 751 587 forum
813 546 994 587 suum
1056 523 1336 602 trahant,
1408 525 1651 587 etiamsi
1703 532 1951 586 actores
2017 521 2277 585 fuerint:
2339 545 2390 584 ο.
2438 529 2492 584 si
2539 520 2803 584 clericus
2849 519 3104 605 laycum
3137 521 3222 607 Ἲς

545 655 595 693 (.
644 654 785 694 cum
834 632 915 693 sit
960 630 1255 713 generale
1287 629 1368 692 (le
1414 629 1555 693 foro
1602 638 1873 714 compet
1902 631 1948 707 2)
2000 668 2100 707 -,
2146 650 2273 691 non
2306 626 2496 691 debet
2545 649 2658 712 pro
2691 648 2881 690 onere
2930 630 3213 712 reputari

545 736 716 821 quod
765 739 1129 821 injuriarum
1176 758 1299 820 que
1347 736 1574 799 clerico
1624 735 1981 799 inferuntur
2026 757 2215 799 cause
2263 756 2476 798 coram
2523 734 2952 797 ecclesiastico
2998 732 3219 817 judice

545 844 947 921 ventilentur,
994 866 1135 906 cum
1186 842 1249 906 id
1295 865 1333 905 a
1377 845 1514 927 Jure
1562 845 1644 905 sit
1693 844 2087 927 permissum.

548 1007 648 1066 64.
695 1001 1255 1080 Quemodmodum
1287 1024 1476 1064 cause
1510 1000 1835 1087 prophane
1867 1000 1948 1064 ob
1989 1002 2366 1085 interposita
2394 1002 2744 1084 juramenta
2777 999 3218 1063 ecclesiastico
3275 1006 3313 1058 5

1515 1106 1815 1171 tribunali
1861 1115 2239 1171 asserantur.

727 1214 915 1279 Licet
961 1215 1131 1278 solus
1180 1214 1652 1278 ecclesiasticus
1711 1211 1906 1299 judex
1965 1221 2308 1295 cognoscat
2355 1235 2436 1276 an
2481 1214 2902 1297 juramentum
2945 1214 3033 1274 sit
3077 1212 3220 1276 lici-
3281 1210 3294 1218 “

550 1333 685 1385 tum
718 1322 819 1385 vel
868 1345 1019 1385 non:
1070 1344 1122 1385 c.
1156 1320 1584 1384 venerabilem
1629 1318 1710 1383 de
1744 1319 1982 1396 elect.³)
2019 1360 2122 1397 —-,
2154 1341 2296 1383 cum
2343 1328 2553 1382 tamen
2602 1317 2684 1382 ad
2731 1340 2960 1404 penam
3007 1329 3218 1382 trans-

545 1430 887 1512 gressionis
921 1430 1145 1512 agitur,
1191 1428 1566 1512 permittunt
1610 1429 1771 1490 sacri
1807 1449 2084 1490 canones
2116 1426 2331 1510 laycos
2363 1427 2768 1509 magist-ratus
2800 1447 3216 1510 cognoscere:

546 1559 599 1600 c.
645 1537 825 1599 novit
871 1533 952 1598 de
996 1533 1212 1619 judici.
1241 1537 1322 1613 ⁴);
1372 1556 1426 1597 c.
1473 1535 1563 1596 rei
1615 1543 1715 1599 23.
1763 1556 1821 1617 q.
1872 1543 1909 1598 5
1940 1534 2003 1612 ⁵).
2061 1532 2349 1596 similiter
2410 1533 2465 1595 si
2511 1530 2827 1617 agendum
2884 1535 2964 1596 sit
3013 1554 3097 1596 an
3147 1543 3220 1595 ut
3245 1540 3312 1592 10

547 1650 838 1707 servetur
880 1643 1337 1726 juramentum,
1399 1642 1589 1704 etiam
1637 1640 1856 1724 laycus
1904 1649 2002 1702 est
2048 1648 2415 1724 competens
2459 1638 2687 1724 judex:
2736 1661 2791 1704 c.
2836 1639 2895 1702 fi.
2942 1638 3024 1703 de
3069 1638 3218 1701 foro

548 1757 817 1833 compet.
846 1752 910 1828 ⁶).
988 1770 1110 1833 qua
1159 1756 1420 1832 propter
1465 1748 1519 1810 si
1563 1748 1701 1831 jura
1748 1755 2096 1823 serventur,
2144 1768 2274 1809 non
2319 1753 2414 1808 est
2460 1744 2641 1810 locus
2687 1746 2943 1830 querele
2970 1747 3036 1824 ⁸).

548 1913 642 1972 65.
713 1910 1010 1985 Quonam
1070 1906 1257 1971 modo
1319 1906 1800 1970 reformationes
1860 1928 2118 1969 suorum
2171 1904 2538 1990 juditiorum
2600 1927 2805 1990 neque
2875 1905 3217 1970 observent

984 2036 1190 2098 neque
1238 2036 1426 2077 manu
1472 2011 1593 2077 hoc
1642 2021 1737 2076 est
1786 2014 2159 2077 executione
2206 2011 2421 2076 debita
2467 2019 2781 2076 tueantur.

732 2121 895 2185 Cum
943 2123 1004 2183 in
1052 2119 1297 2204 juditiis
1344 2141 1470 2183 non
1517 2121 1601 2182 sit
1647 2117 1938 2183 habenda
1982 2121 2270 2205 acceptio
2315 2141 2763 2203 personarum,
2810 2118 2972 2182 male
3016 2127 3216 2202 agunt
3239 2125 3308 2178 15

551 2229 832 2313 episcopi
881 2229 985 2311 qui
1036 2249 1158 2289 non
1209 2248 1369 2310 equa
1408 2226 1589 2289 lance
1632 2226 1952 2310 justiciam
1982 2225 2444 2304 administrant,
2490 2225 2873 2311 capitulares
2905 2233 3015 2289 ant
3057 2224 3214 2287 alias

551 2334 673 2396 sibi
721 2334 1029 2397 obnoxios
1080 2334 1365 2418 impunes
1414 2331 1810 2408 dimittendO,
1857 2340 1922 2396 et
1966 2330 2448 2418 providendum.

730 2496 826 2555 66.
902 2491 1099 2568 Quod
1129 2491 1362 2557 dicitur
1393 2491 1473 2556 de
1505 2490 1920 2576 synodalibus
1954 2492 2515 2557 constitutionibus
2548 2500 2615 2555 et
2644 2490 3216 2568 reformationibuS,

553 2621 673 2685 que
723 2622 847 2663 non
895 2607 1229 2663 servantur
1274 2607 1384 2663 aut
1430 2600 1635 2662 minus
1684 2620 1844 2683 eque
1893 2606 1957 2663 et
2003 2597 2202 2683 laycis
2249 2620 2542 2663 onerose:
2600 2597 2814 2663 danda
2861 2599 2980 2662 erit
3025 2619 3216 2683 opera

551 2715 620 2769 ut
670 2729 829 2791 eque
877 2716 939 2769 et
986 2705 1149 2768 bone
1198 2714 1547 2783 serventur,
1592 2708 1806 2790 inique
1856 2714 1916 2769 et
1964 2727 2229 2769 onerose
2276 2705 2659 2790 abrogentur
2687 2705 2754 2780 t³).
3233 2714 3306 2767 20

558 2872 657 2929 67.
748 2863 1303 2941 Quemadmodum
1370 2864 1513 2949 plns
1582 2866 1850 2950 pecunie
1922 2886 2111 2950 quam
2179 2866 2529 2950 penitentie
2596 2863 3040 2949 peccatoribus
3097 2867 3217 2927 im-

1756 2979 2013 3057 ponant.

732 3077 1020 3154 Quilibet
1064 3076 1257 3162 judex
1317 3076 1395 3140 de
1457 3079 1719 3141 crimine
1777 3076 2066 3162 judicans
2110 3079 2212 3162 jus
2257 3077 2454 3142 habet
2497 3076 2868 3142 moderandi
2916 3086 3218 3143 statutam

554 3206 804 3268 penam,
852 3183 1001 3247 dum
1049 3187 1426 3248 sont-entiam
1474 3183 1744 3269 profert:
1796 3194 1853 3248 2.
1886 3207 1946 3269 q.
1981 3194 2037 3250 3.
2086 3186 2123 3267 ξ
2170 3183 2517 3249 notandum
2545 3186 2626 3263 ⁷);
2693 3183 2733 3247 l.
2780 3183 2937 3269 quid
2980 3206 3132 3269 ergo
3181 3188 3218 3267 ἓ

557 3312 724 3375 pena
752 3292 1006 3373 gravior
1036 3289 1101 3354 ff.
1134 3289 1214 3353 de
1262 3290 1360 3353 his
1408 3313 1533 3374 qne
1566 3301 1692 3353 not.
1740 3289 1889 3352 infa.
1919 3294 1999 3371 ⁸);
2046 3291 2084 3353 l.
2131 3289 2320 3354 hodie
2367 3290 2433 3354 ff.
2466 3291 2547 3356 de
2594 3314 2739 3377 pen.
2767 3291 2849 3373 ⁹);
2897 3300 2962 3355 et
3007 3294 3074 3355 in
3118 3290 3304 3355 hisffi

701 3523 743 3571 a)
775 3520 871 3561 Rea.
905 3523 924 3560 1
952 3522 1006 3561 de
1034 3521 1127 3562 foro
1156 3521 1340 3572 compet.
1373 3522 1410 3559 si
1433 3532 1531 3561 vero
1559 3521 1667 3562 haec
1695 3520 1841 3562 omnia
1869 3520 1956 3561 sibi
1988 3521 2171 3572 usurpet
2189 3520 2526 3562 ecclesiasticus
2550 3522 2685 3574 judex
2715 3523 2761 3564 in
2781 3523 3027 3569 uox-mnia.
3057 3524 3221 3564 abusus

560 3593 631 3631 est
668 3599 712 3632 οι
756 3592 1052 3643 corrigendus.
1123 3593 1240 3633 certo
1290 3602 1420 3642 super
1466 3590 1539 3631 his
1591 3591 1635 3632 in
1684 3591 1821 3632 Italia
1867 3592 1989 3633 nulla
2034 3593 2107 3632 est
2145 3593 2441 3634 controversia
2486 3594 2603 3634 inter
2648 3592 2807 3635 civiles
2848 3594 3138 3646 angien-tus
3178 3596 3223 3634 et

561 3661 908 3703 ecclesi-‚sticum

702 3735 747 3783 b)
778 3734 873 3774 Rea.
908 3736 928 3775 1
956 3733 1048 3775 Non
1078 3734 1241 3774 habent
1269 3733 1476 3776 ordinarii
1504 3733 1762 3775 facultatem
1796 3734 2022 3774 statuendi
2062 3734 2213 3775 contra
2234 3734 2310 3786 jus
2339 3745 2420 3775 nec
2458 3745 2542 3776 non
2573 3736 2773 3777 snbdltoa
2817 3735 3000 3778 sut-u·
3029 3736 3220 3788 linui.

560 3816 642 3854 qun
672 3816 716 3846 re
743 3804 797 3845 do
826 3804 899 3845 his
929 3816 1014 3846 non
1042 3806 1276 3855 graventur
1302 3804 1407 3845 laici
1436 3805 1549 3854 quod
1589 3805 1645 3846 sd
1685 3815 1762 3845 eos
1795 3816 1879 3846 non
1908 3805 2156 3855 pertineant
2194 3805 2372 3855 cleriei.
2411 3807 2528 3855 quod
2565 3806 2718 3858 sepiu-
2743 3806 2931 3850 faciut.
2987 3808 3046 3849 nd
3073 3796 3304 3851 uae-30

559 3876 844 3928 apostolieum
873 3875 1050 3917 veniant
1075 3881 1363 3925 conquestum
1390 3877 1445 3917 de
1473 3877 1732 3917 statutorum
1763 3876 1986 3927 injustitia
2013 3877 2060 3917 et
2086 3875 2381 3918 statuentium
2410 3876 2573 3929 injuris
2599 3879 2647 3919 ot
2671 3878 2852 3922 dabitat
2878 3878 3085 3931 provisio.

706 3982 746 4052 ¹)
784 3982 908 4038 Lib.
947 3984 1024 4037 ΙΙ
1054 3985 1136 4037 tit.
1173 3989 1214 4039 2
1252 4001 1294 4038 c.
1334 3988 1383 4038 5.

707 4071 748 4139 ¹)
784 4073 907 4127 Lib.
947 4073 1023 4126 II
1055 4073 1137 4126 tit.
1173 4076 1213 4127 2
1248 4091 1291 4128 c.
1331 4077 1382 4127 8.

707 4161 745 4219 ’ἢ
783 4163 907 4218 Lib.
945 4163 986 4217 Ι
1017 4163 1101 4217 tit.
1142 4165 1176 4216 6
1212 4180 1255 4217 c.
1293 4167 1379 4218 34.

708 4252 749 4319 ⁴)
787 4252 913 4306 Lib.
951 4252 1031 4306 ΙΙ
1062 4253 1147 4307 tit.
1187 4257 1217 4306 1
1253 4269 1297 4308 c.
1336 4257 1417 4308 13.
3241 4253 3304 4307 ³⁶

708 4339 749 4407 ⁵)
788 4358 831 4395 c.
874 4346 907 4395 7
944 4342 1002 4397 G.
1041 4344 1114 4395 33
1149 4358 1197 4411 q.
1226 4345 1261 4396 5
1296 4342 1460 4409 (ivm..-
1493 4342 1651 4413 reos).

708 4430 750 4495 Β)
786 4430 911 4486 Lib.
950 4432 1027 4486 II
1056 4432 1140 4486 tit.
1178 4434 1218 4485 2
1251 4447 1295 4486 c.
1332 4435 1421 4487 20.

713 4517 749 4587 ⁷)
790 4518 850 4576 Ο.
885 4524 924 4575 2
959 4539 1006 4591 q.
1046 4525 1082 4575 3
1115 4527 1237 4591 post
1272 4538 1320 4577 c.
1358 4525 1397 4576 8
1430 4523 1674 4593 (textus).

709 4609 750 4679 ⁸)
788 4610 863 4664 D.
902 4610 1013 4665 III
1042 4611 1127 4666 tit.
1164 4614 1204 4665 2
1243 4612 1277 4666 Ζ.
1314 4616 1381 4666 13
1414 4610 1453 4684 5
1494 4618 1541 4668 7.
2579 4625 2606 4648 ⁹

707 4697 751 4771 ⁹)
790 4699 864 4755 D.
904 4699 1144 4755 XXXX
1158 4699 1317 4755 VIII
1348 4703 1430 4758 tit.
1470 4706 1540 4757 19
1576 4704 1609 4757 Ζ.
1648 4707 1729 4757 13.
3247 4708 3308 4765 40
