3500 5300
1247 330 1348 386 No.
1384 331 1627 387 82—83:
1670 332 1807 387 1534
1841 332 1950 388 Mai
1987 335 2071 389 11.
2887 331 2994 395 227

318 524 535 590 bitam
576 527 860 612 justitiae
907 530 1348 592 executionem
1394 549 1475 591 ex
1521 550 1598 592 eo
1644 531 2002 617 sumpserit.
2092 536 2127 593 e
2173 531 2218 594 il
2263 532 2410 596 stile
2456 536 2611 610 0031,
2657 540 2724 596 et
2768 540 2868 596 est
2912 531 2993 597 de
3060 534 3209 586 1534

316 635 471 718 jure
517 636 729 714 etiam,
773 633 890 698 sed
935 636 1085 719 quia
1129 635 1373 699 factum
1418 657 1457 699 3
1500 657 1682 701 sacro
1727 637 2057 722 pontifice,
2101 647 2437 724 propterea
2482 637 2743 702 habebit
2785 638 2995 726 publi·
3012 603 3141 658 Μω
3177 607 3242 658 n

320 762 477 804 eam
534 743 760 826 opinor
802 741 1354 827 reprehensionem
1401 745 1568 807 inter
1613 741 1986 808 Germanos.
2039 782 2119 793 —
2166 745 2229 809 la
2273 744 2445 809 bolla
2490 747 2867 811 commincia
2912 745 2997 811 da

320 846 599 912 heretici
645 857 712 912 et
755 847 1120 928 Lutherani‚
1167 871 1346 914 come
1392 855 1427 912 e
1473 849 1516 913 il
1567 849 1837 930 dovere3
1892 872 1995 915 ma
2040 850 2195 915 11013
2238 854 2420 938 quasi
2464 855 2757 918 tacciono
2805 855 2912 938 qui
2959 875 2997 917 3

249 974 294 1027 5
318 953 771 1040 Witemberga
784 979 801 1034 ;
861 977 1040 1020 come
1099 956 1162 1020 la
1214 955 1387 1020 bolla
1445 979 1525 1020 ne
1584 979 1793 1042 venga
1855 957 2022 1021 fuori
2085 957 2237 1023 data
2282 960 2407 1044 agli
2454 959 2752 1024 ordinarii
2768 1009 2783 1038 ‚
2843 981 2997 1026 ecco

316 1061 529 1127 libelli
577 1064 748 1141 novi,
794 1085 947 1129 ecco
994 1064 1264 1129 eccitate
1311 1085 1477 1129 nove
1525 1065 1837 1130 calumnie
1879 1087 2000 1130 con
2047 1067 2065 1129 i
2115 1065 2249 1129 loro
2295 1067 2462 1130 tituli
2496 1076 2717 1132 contra
2760 1066 2998 1131 bullam

321 1169 787 1250 execrabilem,
846 1180 913 1235 et
968 1193 1007 1234 a
1064 1173 1271 1256 questi
1336 1173 1533 1257 tempi
1582 1169 1947 1237 Germanici
1994 1172 2344 1237 turbulenti
2389 1173 2564 1239 forse
2611 1196 2737 1238 non
2782 1176 2836 1238 si
2883 1173 3000 1239 do-

319 1278 593 1342 veriano
638 1280 750 1364 pin
804 1279 1013 1342 irritar
1073 1278 1279 1343 bestie
1337 1278 1518 1357 fiere,
1577 1276 1696 1344 che
1756 1278 1967 1343 hanno
2026 1279 2181 1344 hora
2238 1281 2299 1345 le
2358 1303 2528 1346 arme
2590 1282 2655 1344 in
2699 1303 2886 1345 mano
2932 1291 3000 1346 et

318 1383 446 1448 che
492 1384 796 1449 restando
840 1386 1139 1451 vincitori
1184 1408 1303 1471 per
1347 1384 1653 1469 disgratia
1710 1383 2147 1450 attenderiano
2192 1389 2302 1473 piu
2349 1388 2813 1452 rabiosamente
2859 1387 2996 1452 solo

217 1510 298 1563 ιο
320 1513 367 1555 a
412 1491 691 1578 dissipat
731 1491 821 1576 gli
867 1491 1151 1557 huomini
1198 1491 1537 1576 orthodoxi
1597 1501 1662 1556 et
1719 1491 1782 1556 le
1828 1515 1977 1558 cose
2023 1492 2176 1557 1010.
2268 1496 2336 1559 vi
2380 1501 2415 1558 e
2461 1494 2738 1560 anchora
2782 1495 2996 1581 quella

318 1599 647 1664 clausula:
708 1601 1007 1685 „ipsique
1050 1599 1332 1664 Martino
1391 1601 1726 1685 quominus
1791 1601 2000 1685 puniri
2059 1601 2310 1686 possint
2374 1602 2854 1685 quomodolibet
2897 1601 2996 1667 fa-

316 1713 626 1785 ventes“‚
694 1706 811 1771 che
871 1707 1150 1772 andanto
1212 1715 1380 1771 tutta
1440 1716 1663 1771 contra
1705 1705 1955 1772 Joanne
2022 1706 2336 1772 l⁴ederico
2398 1708 2626 1773 elettor
2669 1714 2703 1772 e
2748 1710 2998 1794 perico-

317 1815 491 1894 losa3
539 1836 685 1878 esso
730 1837 887 1900 pure
934 1820 969 1877 e
1014 1823 1236 1878 contra
1265 1813 1659 1878 Anabattisti
1706 1813 1879 1892 11013,
1926 1836 2069 1878 0330
2116 1814 2481 1879 contr-adice
2526 1838 2565 1879 a
2605 1814 2994 1899 Lantgravio

318 1923 590 1999 isteSSO,
648 1944 687 1984 a
749 1920 837 1985 lui
885 1919 1162 1985 etiandio
1209 1923 1264 1984 si
1311 1922 1518 1984 scrive
1565 1941 1750 1985 cerca
1794 1920 1838 1984 il
1885 1921 2249 2002 0030111οΗ)
2339 1943 2443 1985 ma
2489 1921 2697 2006 quello
2742 1920 2859 1985 che
2905 1923 2992 1985 mi

220 2045 296 2098 15
318 2050 511 2094 move
574 2027 770 2091 molto
826 2034 860 2091 e
906 2027 1053 2106 0110,
1112 2049 1182 2091 30
1240 2027 1303 2091 13
1348 2027 1517 2091 bolla
1575 2028 1753 2092 fusse
1809 2027 2022 2092 subito
2083 2026 2249 2113 (13Ρο
2311 2027 2368 2091 10
2427 2028 2590 2092 feste
2637 2027 2701 2092 di
2750 2050 2994 2113 pasqua
3013 2031 3148 2098 Apr-
3188 2033 3223 2083 5

316 2135 668 2222 publicata,
713 2137 877 2199 saria
921 2137 1197 2220 riputata
1240 2157 1365 2199 una
1412 2157 1561 2199 cosa
1605 2157 1720 2221 pro
1767 2136 2000 2215 forma3
2046 2134 2533 2221 publicandosse
2579 2143 2755 2199 tanto
2801 2134 2990 2221 dapoi

318 2245 546 2306 venii-a
592 2241 675 2306 ad
722 2264 894 2306 esser
938 2241 1215 2306 iudicata
1259 2264 1411 2307 cosa
1478 2241 1973 2306 extraordinaria
2018 2264 2053 2306 a
2118 2241 2384 2327 qualche
2430 2265 2598 2307 novo
2645 2242 2881 2322 effett0‚
2927 2252 2992 2306 et

316 2352 490 2414 saria
533 2351 645 2435 pin
692 2349 1063 2435 periculosa.
1154 2371 1257 2413 ma
1301 2348 1445 2413 dico
1492 2347 1559 2413 di
1605 2348 1804 2414 haver
1849 2348 1997 2413 dato
2043 2348 2124 2413 ad
2171 2351 2493 2436 imprimer
2537 2351 2684 2434 ogni
2731 2372 2879 2414 cosa
2926 2358 2990 2413 et

316 2459 535 2520 sci-ivo
582 2456 860 2520 etiandio
906 2458 1006 2522 cio
1052 2454 1169 2520 che
1217 2458 1279 2519 io
1324 2455 1491 2520 vedo
1523 2458 1762 2522 esservi
1808 2458 1874 2519 in
1928 2458 2259 2535 contrario,
2306 2464 2372 2520 et
2418 2479 2496 2520 ne
2541 2464 2789 2542 aspetto
2821 2478 2988 2522 novo

220 2579 299 2634 20
317 2563 562 2642 ordine,
608 2563 726 2627 che
771 2566 1021 2649 seguiro
1067 2561 1153 2627 ad
1196 2561 1477 2627 obedire.
1562 2565 1649 2626 mi
1694 2561 2112 2628 raccomando
2160 2586 2197 2628 3
2242 2562 2488 2630 Vostra
2533 2562 2796 2628 Santita.

499 2670 589 2735 Di
634 2671 843 2756 Praga
886 2671 991 2736 alli
1045 2682 1118 2738 11
1172 2670 1236 2734 di
1285 2674 1533 2756 maggio
1584 2681 1776 2739 1534.
3007 2658 3239 2727 Mai'u

316 2923 436 2992 83.
545 2922 846 3005 Verqerio
891 2942 982 2987 an
1033 2920 1446 2987 Gamesoechi
1456 2942 1479 2985 .·
1549 2909 2021 3006 Uberreichuny
2067 2924 2241 2989 eines
2286 2922 2495 2988 Breve
2550 2944 2643 2989 an
2688 2923 2779 2989 K.
2825 2922 2985 2988 Fer·
3006 2922 3133 2978 Mai
3171 2927 3235 2978 11

319 3030 576 3095 ἄίηαπᾶ
635 3030 710 3094 in
776 3029 890 3095 ἄεν
955 3029 1382 3113 unqarischen
1439 3028 1945 3112 Anyeleyenheit.
2053 3018 2221 3097 Uber
2275 3031 2520 3110 Koron,
2589 3029 2847 3097 welches
2891 3031 2983 3097 K.

317 3137 711 3202 Ferdinand
751 3158 881 3201 nm·
924 3157 1173 3220 unqem
1218 3136 1495 3201 abbreten
1539 3138 1775 3201 wiirde.
1868 3136 1958 3201 M
1955 3136 2365 3221 ittheilunyen
2409 3139 2517 3202 des
2548 3138 2805 3221 Κόνιίρε
2834 3137 2987 3202 iiber

227 3258 301 3312 25
316 3265 479 3309 neue
524 3244 646 3308 den
693 3243 901 3325 Papst
946 3242 1297 3309 belastende
1347 3242 1872 3309 Combinationen
1919 3264 2041 3308 aus
2077 3243 2382 3310 Clemens-⁹
2415 3246 2719 3328 jiinysten
2750 3244 2984 3309 Hamd-

321 3351 588 3435 lumem
648 3349 1116 3433 Verkniipfunq
1160 3350 1274 3416 ἄεν
1318 3350 1641 3432 landyrc‘if
1641 3350 1846 3415 lichen
1906 3350 2424 3437 Unternehmuny
2469 3353 2587 3416 mit
2633 3352 2747 3418 ἄεν
2791 3351 2982 3417 Mar-

320 3458 531 3524 semer
578 3458 1175 3540 Zusammenkunff.
1267 3460 1434 3522 1534
1481 3457 1635 3522 Mai
1681 3462 1761 3521 11
1808 3457 2003 3540 Praq.

461 3604 584 3657 Ans
619 3602 793 3670 Rom,
839 3602 1005 3657 Arch.
1050 3602 1170 3656 Vat.
1208 3599 1384 3656 Nunz.
1422 3600 1480 3654 di
1517 3599 1702 3656 Germ.
1740 3600 1864 3656 Vol.
1901 3601 1972 3657 56
2006 3601 2101 3657 fol.
2143 3601 2245 3656 158
2260 3602 2461 3656 2--159
2505 3600 2684 3672 0159„-
2731 3601 2796 3655 in
2831 3618 2983 3657 verso

531 3692 791 3747 secunda.

232 3828 309 3883 30
492 3815 557 3880 N
561 3816 687 3881 ella
729 3817 995 3880 materia
1044 3813 1151 3879 del
1196 3814 1468 3879 accordo
1515 3836 1635 3879 con
1668 3815 1715 3879 il
1748 3812 2054 3880 Voivoda
2086 3824 2152 3879 et
2182 3815 2352 3881 della
2382 3838 2541 3902 pace
2574 3816 2674 3880 col
2703 3813 2980 3894 ThurcO,

221 3901 279 3916 ‘-

324 3922 438 3988 che
483 3924 740 3991 doveva
785 3946 961 3988 esser
1003 3923 1067 3988 13
1111 3924 1518 4008 negociation
1566 3922 1672 3986 del
1720 3920 1926 4003 Griti,
1973 3946 2100 3987 non
2148 3926 2431 3989 scrivere
2477 3922 2633 3988 hora
2692 3945 2843 3988 cosa
2889 3922 2996 3987 al-

326 4053 497 4097 cuna.
566 4030 652 4096 ho
697 4031 827 4096 ben
873 4030 1024 4095 dato
1069 4030 1117 4094 il
1162 4028 1360 4095 breve
1389 4030 1437 4112 ⁸)
1486 4027 1547 4093 31
1591 4051 1659 4093 10
1709 4038 1775 4093 et
1820 4028 2090 4115 dettogli
2138 4030 2258 4094 che
2313 4029 2400 4102 ho
2443 4032 2852 4095 commission
2911 4027 2978 4093 di

462 4280 506 4352 ¹)
545 4280 807 4336 Ndmlieh
841 4280 908 4335 in
942 4281 1121 4336 seiner
1157 4280 1524 4351 Eiqemchatt
1561 4281 1647 4335 als
1682 4280 1980 4348 Kwrfflrst.

460 4371 506 4441 ²)
546 4372 801 4427 Gemeint
847 4371 921 4426 ist
968 4371 1104 4425 olma
1140 4370 1373 4437 Zweifel
1417 4371 1509 4425 ein
1559 4371 1733 4425 Breve
1771 4370 2027 4426 ozemem’
2076 4370 2199 4426 VII
2240 4386 2318 4424 an
2364 4369 2437 4424 K.
2475 4368 2812 4425 Ferdae'mand
2857 4384 2976 4423 vom

240 4459 404 4515 3518.
437 4462 608 4530 April
646 4464 817 4515 1534:
866 4460 1045 4516 Grata
1090 4459 1254 4515 nobis
1289 4460 1582 4514 admodum
1619 4459 1847 4515 fuerunt
1896 4476 2039 4531 quae
2074 4459 2126 4513 d.
2164 4459 2203 4513 f.
2242 4458 2470 4514 Gabriel
2510 4459 2755 4514 Sanches
2804 4474 2975 4530 agens

330 4556 451 4605 tuus
483 4551 710 4606 redditis
746 4549 907 4605 nobis
944 4550 1104 4605 Tuae
1140 4549 1448 4621 Majestatis
1484 4549 1659 4605 literis
1697 4551 1766 4604 13
1795 4550 1976 4604 martii
2003 4549 2149 4603 datis
2186 4555 2285 4603 tuo
2322 4549 2537 4604 nomine
2574 4547 2733 4603 nobis
2761 4546 2976 4603 rettulit

333 4656 485 4710 nuper
517 4647 765 4696 tractatu
801 4639 956 4711 pacis
991 4646 1051 4694 et
1078 4638 1403 4694 concordiae
1440 4638 1586 4694 inter
1612 4638 1959 4709 Majestatem
1989 4638 2168 4693 Tuam
2205 4645 2261 4693 et
2289 4638 2627 4693 adversarios
2663 4638 2783 4708 ejus
2810 4652 2976 4706 super

334 4745 487 4802 regno
521 4730 861 4802 Hungariae.
925 4745 1139 4800 semper
1186 4729 1330 4784 enim
1380 4746 1479 4784 303
1524 4728 1582 4783 id
1630 4729 1876 4799 impense
1913 4728 2224 4799 optavimus
2260 4745 2368 4783 non
2406 4728 2582 4783 solum
2617 4742 2719 4797 pro
2756 4724 2974 4781 comuni

2432 4817 2550 4871 15*
