3500 5300
858 440 862 443 Α
937 366 1036 429 No.
1074 375 1313 430 59-60:
1354 369 1489 430 1537
1526 367 1830 446 September
1864 363 2258 431 25.—Okt0ber
2297 375 2382 431 10.
2891 361 2999 434 213

332 569 631 635 accioche
662 572 1049 636 unitamente
1094 577 1413 658 potessero
1459 571 1700 638 voltare
1744 578 1905 637 tutte
1948 571 2008 637 le
2036 571 2172 637 loro
2219 571 2387 636 forze
2420 581 2640 637 contra
2683 573 2727 637 il
2764 573 2994 638 TurcO.
3055 577 3196 627 1537
3226 650 3249 662 -

334 677 466 742 Sua
493 677 759 761 Maesta,
801 678 1176 743 accettando
1222 680 1288 743 in
1335 680 1557 744 ottima
1600 687 1783 766 parte
1827 687 2047 766 questo
2095 681 2221 744 mio
2268 679 2575 745 raccordo
2622 686 2683 745 et
2730 679 2998 745 dicendo
3018 645 3137 715 ‘8²²⁶'
3174 651 3247 699 2⁰

334 806 538 849 essere
583 783 626 848 il
672 807 844 869 vero,
891 787 1081 850 etiam
1129 808 1247 850 con
1290 787 1687 872 giuramento
1734 788 1822 849 mi
1881 785 1963 850 ha
2021 785 2338 851 affirmato
2398 784 2514 851 che
2575 786 2660 851 da
2720 786 2807 851 lui
2872 809 2999 851 non

331 899 500 956 resta
545 898 607 956 et
652 914 717 957 se
762 893 827 956 in
874 901 1094 978 questo
1140 900 1335 979 ponto
1379 890 1547 958 della
1600 892 2107 959 confederatione
2153 902 2373 959 contra
2418 893 2463 957 il
2495 893 2705 959 Turco
2752 893 2795 957 il
2826 892 3000 980 Vay-

279 1017 315 1070 5
334 998 503 1063 voda
550 998 811 1064 havesse
856 998 1073 1064 voluto
1119 999 1457 1082 risolversi‚
1506 999 1622 1065 che
1668 1023 1708 1065 a
1752 1001 1950 1087 quest’
1999 999 2157 1065 hora
2205 998 2471 1067 sarebbe
2519 1000 2839 1067 concluso,

512 1105 611 1170 La
654 1107 899 1193 pratica
945 1105 1109 1171 della
1155 1128 1312 1194 pace
1360 1108 1871 1173 continuamente
1915 1107 2078 1173 dura
2123 1119 2187 1173 et
2232 1111 2283 1173 si
2331 1131 2516 1195 spera
2564 1117 2787 1196 questa
2832 1131 3002 1173 nova

334 1215 478 1278 sara
522 1213 589 1278 di
632 1213 876 1299 grande
920 1220 1258 1294 momento,
1306 1221 1368 1278 et
1413 1235 1479 1278 se
1526 1213 1657 1279 Sua
1703 1215 1954 1280 Santita
1998 1237 2176 1280 come
2221 1215 2712 1302 prudentissima
2756 1224 3002 1303 potesse

333 1322 398 1385 in
444 1322 542 1386 010
588 1343 851 1408 operare
897 1320 1162 1409 qualche
1208 1320 1392 1404 bene,
1439 1319 1705 1386 sarebbe
1748 1321 1944 1386 molto
1991 1324 2057 1386 in
2102 1322 2453 1409 proposito,
2503 1322 2746 1387 usando
2795 1321 3002 1409 quella

333 1429 648 1495 dexterita
693 1427 808 1494 che
855 1427 898 1492 li
943 1451 1195 1515 paresse
1240 1451 1281 1493 a
1325 1428 1459 1494 fare
1505 1428 1776 1494 invitare
1823 1428 1981 1494 ditto
2012 1428 2334 1515 Vayvoda
2378 1437 2440 1494 et
2485 1429 2872 1516 persuaderli
2919 1429 3002 1494 ad

248 1553 317 1606 10
332 1537 570 1601 intrare
614 1534 780 1601 nella
824 1534 983 1621 liga,
1031 1535 1287 1622 quando
1333 1535 1481 1600 resti
1526 1534 1862 1601 d'accordo
1910 1558 2031 1602 con
2075 1543 2295 1623 questo
2345 1535 2530 1602 Serum
2571 1559 2654 1601 re.
2718 1546 2781 1601 et
2827 1538 3004 1623 sapia

334 1642 412 1708 V.
444 1642 507 1709 S.
554 1641 670 1708 che
715 1644 768 1707 si
797 1642 1012 1707 iudica
1057 1650 1280 1730 questa
1327 1664 1476 1708 cosa
1514 1640 1784 1707 sarebbe
1830 1642 1897 1708 di
1928 1651 2102 1708 tanto
2134 1652 2453 1708 momento
2501 1642 2625 1708 alla
2671 1645 2855 1708 ruina
2900 1643 3002 1708 del

336 1750 551 1815 Turco
596 1757 833 1837 quanto
879 1750 1082 1814 nisun’
1129 1747 1293 1814 altra
1340 1749 1457 1815 che
1503 1747 1563 1813 al
1611 1757 1902 1837 presente
1948 1759 2193 1836 potesse
2241 1751 2473 1815 venire.

512 1857 643 1925 Sua
686 1856 934 1921 Maesta
976 1878 1175 1943 prega
1220 1855 1501 1921 anchora
1532 1856 1664 1923 Sua
1694 1856 2095 1922 Beatitudine
2142 1856 2257 1921 che
2305 1879 2483 1922 come
2529 1855 2657 1922 bon
2703 1856 2904 1944 padre
2942 1867 3005 1921 et

334 1965 645 2052 principio
713 1971 775 2029 et
832 1973 1052 2029 autore
1119 1963 1187 2027 di
1252 1964 1413 2028 tanti
1473 1962 1625 2029 beni
1683 1986 1798 2050 per
1854 1962 2252 2029 l'universale
2328 1987 2458 2028 non
2517 1963 2728 2050 voglia
2787 1987 2901 2051 per
2959 1963 3005 2028 il

245 2087 317 2142 15
334 2070 709 2158 particolare
739 2069 1142 2160 disturb[are]
1175 2070 1327 2135 tant'
1362 2071 1696 2137 occasione
1726 2079 1791 2136 et
1836 2072 1889 2134 si
1935 2070 2126 2157 degni
2157 2078 2419 2136 mettere
2470 2071 2555 2135 da
2582 2080 2765 2158 parte
2811 2094 2928 2158 per
2958 2071 3004 2136 il

335 2185 625 2264 presente
682 2177 740 2243 le
798 2200 942 2243 cose
1001 2177 1068 2242 di
1125 2175 1461 2243 Camerino
1494 2177 1577 2264 ¹),
1638 2177 1937 2243 accioehe
1982 2177 2028 2242 il
2074 2177 2243 2243 duca
2289 2176 2599 2244 d'Urbino
2650 2201 2839 2265 possa
2884 2200 3003 2244 eon

334 2284 634 2372 megliore
663 2286 875 2349 animo
921 2284 1246 2349 attendere
1277 2307 1317 2348 a
1347 2285 1545 2372 quest’
1591 2286 1897 2371 impresa3
1942 2283 2005 2348 la
2050 2283 2199 2372 qual
2230 2307 2378 2350 cosa
2424 2285 2564 2350 dice
2595 2284 2727 2352 Sua
2757 2285 3005 2351 Maesta

336 2395 511 2457 serra
554 2390 745 2457 molto
791 2389 1174 2458 honorevole
1221 2390 1347 2456 alla
1391 2390 1641 2458 Santita
1671 2391 1820 2474 Sua,
1869 2391 1986 2456 che
2033 2393 2083 2456 si
2131 2392 2322 2478 degni
2365 2399 2741 2480 postponere
2786 2392 2845 2458 le
2876 2394 3002 2479 pri·

336 2507 484 2565 vate
527 2500 801 2585 ingiurie
848 2496 910 2563 al
956 2496 1262 2563 beneficio
1308 2496 1583 2586 publico.

246 2623 321 2678 20
515 2605 901 2694 Expettamo
948 2604 1168 2671 d’hora
1211 2606 1277 2672 in
1335 2604 1494 2671 hora
1546 2603 1816 2693 qualche
1874 2605 2118 2692 grande
2179 2629 2347 2672 nova
2405 2605 2547 2673 dell'
2604 2608 2881 2673 exercito
2938 2606 3004 2672 di

338 2722 562 2803 questa
592 2714 838 2781 Maesta
869 2721 1090 2779 contra
1134 2713 1179 2778 li
1226 2712 1486 2796 Turchi,
1533 2712 1766 2800 perche
1810 2713 2094 2778 horamai
2141 2713 2200 2778 le
2243 2736 2407 2802 aque
2454 2715 2772 2796 continue,
2818 2713 3003 2803 quale

337 2845 530 2889 erano
577 2821 644 2887 di
688 2821 959 2909 qualche
1003 2821 1472 2908 impedimento,
1519 2818 1765 2886 debeno
1813 2843 2016 2886 essere
2064 2828 2303 2887 cessate
2349 2828 2410 2886 et
2473 2821 2516 2885 li
2580 2822 2791 2907 campi
2849 2844 3002 2886 sono

338 2932 533 2995 vicini
578 2951 805 2995 manco
852 2927 1043 2993 d'una
1102 2926 1318 3015 legha‚
1378 2936 1441 2993 et
1500 2929 1791 2993 scriveno
1851 2927 1966 2992 che
2023 2928 2069 2992 li
2130 2927 2369 2993 Turchi
2427 2951 2581 2993 sono
2640 2926 2832 2993 molto
2890 2930 3004 2992 im·

337 3037 573 3125 pauriti
630 3046 694 3103 et
737 3034 913 3101 molti
976 3037 1151 3121 paesi
1196 3057 1262 3100 se
1324 3058 1476 3100 sono
1537 3033 1824 3100 rebellati
1881 3042 1944 3100 et
1997 3037 2215 3101 venuti
2278 3034 2403 3100 alla
2460 3035 2796 3100 devotione
2856 3034 3003 3100 delli

248 3157 321 3214 25
340 3147 552 3210 nostri.
645 3145 725 3208 ne
772 3142 932 3209 altro
982 3141 1363 3208 occorrendo
1409 3165 1526 3228 per
1569 3141 1615 3206 il
1659 3150 1949 3229 presente
1994 3143 2060 3207 in
2108 3142 2275 3207 bona
2318 3145 2527 3228 gratia
2573 3147 2680 3207 etc.

518 3250 625 3315 Da
669 3250 922 3316 Vienna
964 3248 1071 3315 alli
1119 3258 1202 3316 25
1251 3249 1315 3314 di
1361 3248 1699 3315 settembre
1751 3260 1939 3318 1537.
3022 3251 3142 3320 Spt.
3179 3256 3254 3307 25

343 3431 460 3497 60.
552 3429 874 3495 Ricalcati
921 3449 1010 3493 an
1055 3427 1356 3494 Morene:
1421 3429 1576 3493 iiber
1644 3428 1960 3493 Morone's
2013 3429 2219 3509 Brief
2272 3450 2408 3493 vom
2477 3429 2557 3492 19
2615 3428 3004 3511 September,·
3045 3429 3167 3485 Okt-

340 3537 473 3602 Lob
533 3537 638 3601 aes
700 3537 1005 3600 Nuntius.
1097 3535 1479 3617 Ablehmmq
1545 3536 1658 3600 der
1721 3556 1861 3600 vom
1905 3535 2126 3618 K5ni9
2188 3536 2510 3600 erbam
2569 3535 2750 3617 fflzfe
2815 3540 3006 3601 anter
3025 3504 3074 3555 9·
3115 3505 3188 3554 1⁰

344 3645 641 3709 Hinweis
698 3643 828 3724 auf
873 3643 976 3708 die
1033 3643 1171 3707 dem
1219 3641 1458 3723 Papste
1518 3663 1643 3706 aus
1699 3642 1814 3707 der
1867 3641 2251 3726 erenle‘ya
2310 3643 2784 3708 erwachsenden
2833 3644 3002 3708 Aus-

252 3765 326 3819 30
339 3751 554 3834 yaben.
645 3749 1036 3831 Betreibuny
1080 3750 1192 3814 der
1238 3748 2018 3832 Friedensanyeleyenheit
2074 3749 2273 3814 durch
2325 3750 2448 3815 den
2494 3749 2713 3832 Papst.
2804 3750 3004 3815 Billi-

339 3879 510 3942 9un9
555 3858 668 3923 der
711 3857 1099 3940 Absenduny
1144 3857 1253 3920 des
1298 3855 1507 3920 Breve
1559 3856 1673 3936 fiir
1732 3856 1853 3921 den
1901 3855 2225 3921 Cardinal
2280 3876 2402 3921 von
2450 3855 2762 3938 Salzbury
2806 3858 3005 3923 durch

342 3965 627 4032 Morene.
743 3963 1169 4044 Versprechen
1239 3963 1351 4044 fiir
1424 3962 1633 4028 Fabri
1705 3983 1791 4029 zu
1864 3984 2103 4045 soryen.
2194 3962 2824 4048 Bevollmdchtiyunq
2898 3964 3005 4031 des

346 4074 635 4137 Nuntius
695 4071 798 4136 die
843 4070 1199 4151 Einkantie
1255 4070 1368 4134 der
1413 4071 1600 4135 Abtei
1662 4069 1949 4152 Victrinq
2005 4072 2080 4135 in
2128 4069 2564 4135 Deutschland
2593 4072 2880 4152 passend
2921 4092 3006 4138 m

342 4179 725 4245 verwenden.
773 4213 863 4225 —
925 4176 1341 4257 Nachschrift
1354 4198 1376 4239 .·
1420 4177 1715 4242 Antwort
1762 4177 1895 4259 auf
1928 4177 2245 4242 Moron-e’s
2289 4176 2497 4259 Brief
2526 4198 2664 4243 vom
2718 4180 2804 4244 25
2848 4177 3003 4260 Sep-

252 4298 324 4354 35
343 4286 589 4353 tember.
682 4285 810 4349 Lob
866 4284 975 4349 des
1033 4284 1409 4348 Eintretens
1452 4284 1771 4349 Morone's
1830 4285 1928 4350 bei
1985 4284 2072 4350 K.
2133 4283 2522 4349 Ferdinand
2569 4306 2652 4351 ‚m
2713 4285 3004 4350 Gwnsten

343 4395 451 4459 des
494 4393 809 4458 Friedens
866 4392 983 4455 mit
1051 4391 1188 4455 dem
1249 4389 1605 4455 Woivoden.
1711 4391 2044 4457 Van-haben
2101 4392 2214 4456 der
2277 4389 2474 4457 ouria
2534 4392 2629 4457 bei
2699 4391 3005 4458 letzterem

343 4503 531 4567 einen
575 4500 885 4575 Nuntiate,
941 4518 1049 4562 am
1095 4497 1356 4563 liebsten
1401 4498 1664 4563 Morone
1717 4498 1926 4576 selbst,
1987 4519 2071 4564 zu
2129 4498 2549 4582 beylaubiyen.
2655 4498 2715 4565 U
2714 4499 2856 4564 eber
2901 4499 3005 4564 die

344 4629 433 4673 am
475 4607 598 4673 den
657 4605 862 4688 Papst
922 4604 1249 4687 yerichtete
1314 4603 1658 4687 Mahnuny
1717 4605 1806 4670 K.
1867 4605 2288 4671 Ferdinands
2346 4626 2554 4689 weyen
2616 4605 3005 4673 Camerino’s

490 4766 534 4849 ¹)
572 4766 629 4824 S.
665 4783 722 4822 u.
758 4782 845 4821 m.
883 4768 970 4821 65.
