3500 5300
1384 360 1483 416 No.
1524 360 1622 415 1¹¹²:
1662 361 1818 417 1536.
2822 357 2927 419 851

273 554 503 619 nostris
547 560 824 619 erratum
870 554 969 636 sit,
1015 576 1096 618 ne
1141 555 1423 640 perversi
1469 553 1756 620 homines
1787 554 2050 622 Lutheri
2080 557 2135 643 ⁸)
2181 557 2478 642 dogmate
2508 555 2723 621 infecti
2752 557 2933 643 quasi
2988 558 3131 610 1536

273 661 353 725 de
426 659 846 725 humanarum
906 662 1422 726 constitutionum
1495 684 1685 728 onere
1752 662 2214 750 triumphantes
2280 664 2567 750 protinus
2632 662 2936 727 insultent

272 789 621 855 ausamque
667 775 921 832 sumant
964 767 1048 832 ad
1078 766 1558 834 labefactandae
1603 768 1762 834 alias
1803 776 2058 855 patrum
2105 778 2169 834 et
2211 768 2473 835 ecclesie
2516 770 2936 834 institutiones

274 875 674 962 gratiamque
719 874 893 960 apud
938 873 1173 939 mobile
1218 874 1450 961 vulgus
1479 883 1882 962 aucupentur
1927 878 2108 963 quasi
2138 877 2420 963 ipsorum
2469 897 2662 962 opera
2705 884 2769 941 et
2798 874 2935 940 dili·
3040 892 3044 895 ’

222 982 491 1067 bgentia
547 1003 625 1046 ea
682 1002 875 1046 onera
929 979 1013 1045 ab
1072 980 1323 1046 illorum
1380 980 1735 1047 cervicibus
1793 983 2026 1048 fuerint
2085 1004 2384 1066 excussa,
2442 990 2554 1047 aut
2609 1004 2722 1068 pro
2767 981 2934 1047 bono

274 1089 453 1175 pacis
497 1095 561 1153 et
605 1086 971 1171 concordie,
1030 1089 1084 1151 si
1142 1087 1458 1153 voluerint
1502 1088 1852 1154 Lutherani
1913 1087 2146 1155 relictis
2190 1087 2508 1154 erroribus
2555 1097 2619 1154 et
2662 1087 2938 1154 tenebris

275 1193 358 1260 ad
403 1195 688 1261 veritatis
733 1193 939 1260 lucem
983 1193 1189 1260 redire
1217 1195 1289 1282 b).

452 1415 513 1475 2.
605 1408 971 1475 Gravamen
1052 1409 1399 1474 secundum
1478 1409 1558 1476 de
1638 1417 1921 1497 tempore
2000 1409 2332 1475 interdicto
2414 1408 2936 1475 celebrandarum

276 1516 661 1603 nuptiarum.
2845 1603 2851 1612 ²

189 1634 259 1689 10
454 1623 554 1687 Ea
599 1624 842 1688 ratione
887 1625 954 1688 in
988 1623 1363 1689 Laodicensi
1408 1631 1473 1690 et
1513 1623 1818 1689 Ilerdensi
1864 1623 2162 1708 conciliis,
2210 1623 2290 1688 de
2333 1622 2565 1711 quibus
2608 1625 2673 1688 in
2719 1647 2770 1688 c.
2808 1646 2936 1688 non

278 1736 550 1816 oportet,
596 1731 801 1816 primo
847 1737 910 1794 et
955 1730 1231 1795 secundo
1281 1740 1362 1798 33
1411 1754 1469 1818 q.
1517 1742 1558 1797 4
1591 1732 1674 1816 ¹),
1720 1731 2052 1796 interdicte
2097 1738 2243 1795 sunt
2286 1732 2504 1817 nuptie
2549 1732 2734 1795 certis
2779 1737 2937 1795 tem·

278 1834 567 1923 poribus,
626 1836 795 1923 quod
842 1835 938 1901 his
980 1838 1323 1923 penitentie
1381 1836 1590 1903 luctus
1646 1844 1709 1902 et
1756 1838 1986 1924 jejunii
2042 1836 2432 1923 temporibus
2485 1835 2750 1901 distrahi
2812 1858 2937 1900 non

278 1941 468 2007 debet
511 1943 759 2007 animus
807 1941 904 2008 his
949 1942 1199 2028 gaudiis
1243 1952 1306 2008 et
1350 1941 1933 2030 perturbationibus
1978 1942 2209 2032 quibus
2247 1942 2611 2008 afficiuntur
2653 1943 2937 2008 homines

278 2050 344 2114 in
390 2051 753 2136 nuptiarum
803 2048 1223 2115 celebratione
1281 2059 1346 2115 et
1405 2072 1569 2116 nove
1631 2072 1858 2137 sponse
1912 2050 2337 2132 traductione,
2398 2057 2470 2114 ut
2512 2051 2723 2137 quieto
2770 2058 2937 2114 tran-

192 2168 260 2221 15
278 2154 597 2244 quilloque
654 2157 867 2221 animo
927 2178 1061 2221 sese
1123 2164 1462 2242 preparent
1521 2156 1772 2221 decenti
1827 2178 1973 2220 cum
2041 2155 2375 2220 devotione
2440 2155 2790 2221 humilitate
2854 2156 2938 2221 ad

279 2262 808 2327 comunicandum
857 2263 1104 2348 corpori
1153 2269 1217 2328 et
1262 2264 1551 2349 sanguini
1598 2262 1838 2327 domini
1884 2264 2081 2328 nostri
2127 2262 2284 2328 Jesu
2330 2260 2579 2328 Christi.
2671 2270 2733 2328 et
2778 2264 2941 2328 sicut

280 2369 431 2433 Mat.
482 2379 518 2436 9
550 2368 604 2456 ²)
648 2390 773 2434 non
823 2368 1060 2434 debent
1111 2367 1228 2432 filii
1273 2391 1501 2456 sponse
1546 2368 1763 2455 lugere
1809 2370 2115 2456 quamdiu
2160 2391 2305 2433 cum
2350 2367 2473 2433 illis
2517 2378 2612 2434 est
2640 2391 2938 2455 sponsus3

281 2498 424 2541 cum
485 2481 696 2540 autem
755 2477 1113 2558 auferetur,
1166 2485 1320 2541 tunc
1377 2475 1593 2561 lugere
1651 2484 1714 2540 et
1761 2476 2089 2562 jejunare:
2148 2476 2238 2540 ita
2294 2498 2440 2540 cum
2485 2476 2831 2562 lugendum
2876 2487 2940 2542 et

270 2582 692 2670 jejunandum
752 2591 872 2665 est,
936 2582 1155 2648 abesse
1210 2581 1398 2648 debet
1451 2605 1715 2671 sponsus
1771 2591 1836 2648 et
1890 2605 1930 2646 a
1988 2584 2225 2669 nuptiis
2269 2581 2730 2649 abstinendum.
2821 2605 2940 2649 nec

190 2701 262 2755 20
281 2697 613 2776 propterea
657 2689 828 2776 quod
873 2691 1124 2755 interim
1171 2689 1255 2754 ab
1301 2689 1743 2755 ecclesiasticis
1801 2698 1866 2755 et
1924 2687 2313 2754 secularibus
2355 2690 2590 2776 passim
2638 2692 2771 2756 sine
2817 2691 2938 2756 dis-

282 2797 543 2860 crimine
588 2796 917 2881 genialiter
962 2797 1237 2878 vivatur,
1282 2795 1729 2883 postulandum
1777 2805 1914 2861 erat
1949 2818 2059 2861 eas
2103 2794 2402 2882 abrogari
2446 2798 2939 2879 constitutiones,

283 2901 393 2967 sed
436 2903 647 2988 potius
694 2923 802 2968 eos
848 2902 1157 2968 tollendos
1202 2901 1472 2986 abusus,
1536 2904 1644 2990 qui
1706 2904 1825 2968 etsi
1885 2902 2139 2967 cuidam
2184 2904 2414 2968 mentis
2457 2905 2706 2968 cecitati
2752 2906 2940 2969 ascri-

281 3007 473 3073 bendi
518 3010 658 3091 sint,
705 3031 852 3074 cum
896 3016 1111 3073 tamen
1142 3033 1183 3074 a
1212 3008 1322 3073 tali
1354 3009 1805 3075 consuetudine
1852 3008 2042 3074 avelli
2085 3032 2213 3074 non
2253 3011 2512 3096 possint,
2559 3032 2706 3075 cum
2751 3013 2941 3075 venia

282 3137 396 3179 suo
441 3116 628 3200 genio
674 3113 1071 3204 relinquendi
1117 3124 1280 3198 sunt,
1329 3138 1406 3180 ne
1452 3116 1612 3181 forte
1659 3116 1905 3203 pejores
1950 3117 2242 3199 existant,
2290 3117 2342 3180 si
2387 3138 2427 3180 a
2466 3116 2576 3181 tali
2610 3127 2938 3182 consuetu·

191 3231 265 3286 25
282 3221 428 3286 dine
485 3229 857 3286 arceantur:
926 3230 997 3286 ut
1065 3224 1312 3309 scripsit
1370 3245 1641 3309 magnus
1708 3223 2056 3309 Gregorius
2123 3223 2482 3309 Augustino
2549 3223 2938 3310 Angelorum

282 3328 579 3415 episcopo
625 3338 688 3392 et
735 3327 1004 3394 habetur
1047 3331 1112 3393 in
1161 3352 1213 3394 c.
1260 3329 1532 3416 denique
1577 3340 1615 3396 4
1665 3329 1806 3394 dist
1836 3330 1907 3417 ⁸).

458 3434 646 3515 Quod
692 3457 844 3501 vero
890 3435 1128 3519 dicunt,
1175 3437 1226 3501 si
1273 3439 1513 3501 nummi
1565 3458 1708 3522 spes
1753 3437 2098 3518 refulserit,
2155 3436 2221 3501 id
2269 3436 2438 3524 quod
2484 3439 2758 3523 primum
2805 3446 2942 3503 erat

281 3539 702 3628 prohibitum,
755 3543 1013 3628 impune
1072 3565 1148 3607 ac
1208 3541 1404 3608 libere
1464 3545 1673 3609 facere
1717 3542 1922 3625 liceat,
1970 3544 2158 3608 nimis
2201 3565 2418 3608 amare
2463 3542 2764 3608 obicitur:
2812 3567 2938 3609 non

283 3649 451 3712 enim
497 3669 607 3734 spe
651 3650 912 3733 nummi,
959 3671 1082 3736 que
1129 3648 1302 3714 nulla
1346 3656 1456 3733 est,
1502 3650 1625 3715 hoc
1669 3649 1759 3733 fit,
1806 3673 1950 3716 cum
2005 3652 2067 3714 in
2117 3648 2276 3714 urbe
2322 3649 2525 3715 Roma
2570 3649 2702 3715 solo
2748 3653 2937 3715 etiam

190 3754 504 3819 30vicarii
563 3754 876 3840 pontificis
933 3755 1129 3821 verbo
1175 3754 1351 3821 nulla
1394 3766 1727 3822 numerata
1785 3758 2084 3842 pecunia,
2146 3778 2292 3822 cum
2351 3756 2529 3823 adest
2587 3779 2805 3840 causa,
2865 3779 2942 3821 ea

283 3858 522 3926 tollitur
576 3860 945 3948 prohibitio,
1003 3863 1113 3929 sed
1169 3886 1250 3928 ne
1311 3862 1375 3927 hi
1433 3865 1541 3950 qui
1599 3864 1837 3929 diutius
1895 3886 1936 3927 a
1993 3862 2234 3928 carnali
2292 3864 2672 3930 comixtione
2716 3886 2783 3928 se
2829 3862 2940 3928 ab·

284 3968 513 4032 stinere
559 3966 886 4052 diffidunt,
946 3971 1009 4034 iu
1075 3970 1553 4035 fornicationem
1609 3968 1896 4035 incidant
1939 3979 2050 4036 aut
2083 3968 2356 4056 juvenili
2400 3971 2585 4035 tracti
2641 3972 2940 4057 intempe-

282 4075 489 4138 rantia
535 4075 852 4162 nimioque
900 4074 1179 4141 libidinis
1223 4078 1449 4142 ardore
1497 4084 1719 4142 contra
1765 4076 2024 4142 ecclesie
2070 4077 2474 4142 interdictum
2516 4079 2768 4165 nuptias
2798 4101 2939 4165 pro-

281 4180 425 4267 pria
455 4179 777 4247 celebrent
806 4184 1195 4268 auctoritate,
1242 4182 1477 4249 violata
1507 4184 1754 4249 interim
1788 4182 1944 4269 legis
1981 4181 2401 4269 prohibitione
2447 4205 2569 4270 que
2599 4185 2941 4267 relaxatur,

189 4357 262 4413 35
425 4377 470 4427 a)
500 4377 596 4419 Rea.
628 4379 649 4418 1
676 4377 788 4419 malo
815 4377 921 4419 stati
948 4376 1147 4419 Lutheri.

426 4450 473 4498 b)
502 4449 590 4490 Aut
614 4459 691 4501 pro
717 4450 828 4490 bono
854 4468 909 4481 —
933 4448 1075 4490 redit·
1101 4459 1181 4492 om.
1211 4449 1312 4492 Μ.
1344 4451 1378 4490 1.

430 4558 470 4623 ¹)
508 4574 550 4613 c.
589 4561 814 4623 8(-10)
853 4557 908 4612 G.
947 4561 1020 4611 33
1054 4576 1101 4626 q.
1141 4561 1191 4611 4.

429 4643 471 4713 ⁸)
508 4645 613 4702 Eu.
650 4646 834 4701 Mam.
875 4650 910 4700 9
944 4664 988 4701 v.
1029 4650 1110 4700 15.

429 4731 469 4801 ⁸)
505 4751 550 4788 c.
589 4737 625 4788 6
656 4735 751 4802 βπ.
788 4734 862 4790 D.
903 4738 952 4789 4.
