3500 5300
950 347 1050 409 No.
1088 350 1398 409 219—220:
1437 351 1574 409 1535
1612 369 1656 409 c.
1694 349 1985 409 November
2019 350 2313 410 med.-18.
2854 348 2964 415 549

305 530 557 634 sibique
605 569 733 612 non
780 548 1173 613 occasionem
1219 571 1484 635 parvam
1532 548 1614 614 ab
1654 548 1955 616 ecclesiae
2001 551 2244 616 unitate
2288 550 2650 617 discedendi
2698 573 2959 634 sumere,
3016 556 3154 606 1535

302 654 470 719 sicut
528 661 592 720 et
645 654 800 720 alias
858 654 940 720 ob
1000 656 1317 721 tardatam
1370 654 1544 721 illam
1603 658 2154 744 congregationem
2210 658 2443 743 passim
2494 658 2634 744 jam
2704 669 2962 724 exortae
2982 624 3200 749 ‘'232³''

307 768 458 826 sunt
499 759 788 827 haereses
831 784 1024 850 quam
1070 761 1298 849 plures.

484 866 700 948 Quare
745 867 971 934 Sanm-
1028 869 1320 935 dominus
1377 878 1589 936 noster
1641 871 1963 958 negotium
2022 870 2145 936 hoc
2204 872 2551 936 secundum
2609 873 2963 939 vicinorum

244 982 283 1036 5
301 997 589 1040 meorum
635 976 917 1041 omnium
945 976 1364 1042 conditionem
1412 984 1475 1042 et
1504 985 1737 1042 statum
1780 975 2099 1063 sigillatim
2129 978 2487 1065 expendere
2516 978 2685 1055 velit,
2730 987 2964 1062 utrum,

301 1082 361 1146 si
416 1082 484 1146 in
542 1081 665 1147 hac
718 1084 1126 1169 quantumvis
1182 1106 1388 1170 parva
1443 1107 1587 1150 mea
1641 1085 1962 1171 provintia
2030 1083 2138 1149 illa
2194 1084 2460 1150 defectio
2528 1086 2728 1173 (quod
2789 1085 2965 1151 Deus

301 1188 581 1277 avertat)
640 1189 819 1255 fieret
831 1239 850 1273 ,
918 1192 1109 1255 etiam
1166 1198 1300 1256 tum
1314 1240 1330 1271 ,
1400 1201 1471 1257 ut
1526 1190 1868 1257 multorum
1928 1189 2121 1256 habet
2178 1191 2540 1279 conjectura
2605 1200 2667 1256 et
2733 1194 2964 1280 opini0‚

304 1297 549 1382 sperari
604 1297 801 1383 possit
844 1296 1254 1363 Germaniam
1314 1320 1596 1387 unquam
1654 1298 1739 1364 ad
1798 1297 1963 1364 sedis
2006 1297 2387 1386 apostolicae
2432 1297 2856 1365 obedientiam
2903 1308 2966 1366 et

305 1401 610 1468 ecclesiae
657 1402 1007 1469 catholicae
1052 1406 1356 1470 unitatem
1402 1406 1766 1472 redituram.

205 1518 284 1572 10
486 1508 799 1597 Georgius
843 1510 979 1576 dux
1026 1511 1358 1578 Saxoniae.

304 1704 474 1773 220.
580 1705 863 1789 Verfflm‘o
919 1730 1009 1772 an
1053 1708 1368 1790 Kurfilrst
1436 1709 1721 1774 Joackim
1787 1710 1873 1773 ΙΙ
1926 1730 2042 1772 von
2105 1709 2564 1791 Brandenbury
2577 1730 2598 1773 .·
2667 1708 2961 1792 Senduny
2978 1709 3121 1765 Nov-
3159 1713 3228 1764 18

300 1814 521 1878 zweier
541 1815 998 1895 versprochener
1014 1814 1244 1880 Bullen
1267 1816 1376 1880 btr.
1404 1816 1503 1880 die
1520 1815 1902 1897 Errichtuny
1924 1816 2093 1879 einer
2109 1815 2636 1897 Kolleyiatkirche.
2684 1816 2958 1881 Wieder-

302 1919 460 1985 holte
518 1919 885 2003 Weiyeruny
940 1921 1309 2004 Bezahluny
1365 1922 1805 1987 anzunehmen.
1897 1922 2189 1987 Erbieten
2245 1924 2446 1987 seiner
2491 1922 2748 1987 Dienste
2805 1923 2960 1987 bee'm

303 2026 507 2108 Papst
535 2028 672 2091 und
690 2027 779 2092 K.
804 2028 1188 2093 Ferdinand.
1266 2029 1671 2110 Versprechen
1715 2029 1834 2093 den
1862 2034 2126 2093 ersteren
2168 2050 2288 2094 zur
2318 2029 2730 2112 Bestdtiyunq
2759 2030 2961 2094 seiner

203 2145 280 2200 15
301 2135 347 2214 (
336 2133 443 2198 des
501 2135 809 2220 Veryerio)
868 2135 1297 2218 Verfiiyunyen
1340 2157 1423 2201 zu
1465 2141 1797 2218 vermiiyen.
1872 2136 2108 2221 [1535]
2155 2136 2486 2200 November
2529 2139 2614 2199 18
2660 2136 2957 2200 Dresden.

447 2259 570 2314 Aue
615 2259 870 2328 Venedi9‚
906 2259 1053 2314 Bibz.
1088 2260 1269 2315 Marc.
1308 2260 1402 2314 lat.
1440 2259 1508 2314 cl.
1546 2259 1634 2313 IX
1670 2260 1789 2314 cod.
1830 2260 1897 2314 67
1935 2259 2027 2314 fol.
2065 2260 2354 2314 362-37·
2391 2259 2595 2330 eiyenh.
2637 2260 2795 2315 Cone.

374 2392 379 2396 ·
481 2366 665 2432 serm
709 2367 1004 2453 princeps
1049 2364 1279 2431 elector
1323 2375 1386 2431 et
1430 2366 1701 2431 domine.

480 2472 665 2537 Mitto
721 2495 894 2537 nunc
950 2495 1065 2560 per
1108 2473 1435 2560 proprium
1480 2475 1782 2538 nuncium
1800 2524 1818 2557 ,
1880 2496 2078 2537 unum
2141 2471 2377 2538 scilicet
2419 2495 2502 2538 ex
2549 2473 2960 2538 servitoribus

302 2580 480 2663 meis,
525 2579 688 2645 duas
717 2578 924 2644 bullas
952 2602 1111 2669 quas
1142 2603 1281 2645 sum
1311 2577 1628 2668 pollicitus
1657 2582 1924 2654 mittere,
1971 2578 2234 2645 alteram
2272 2581 2338 2644 in
2370 2602 2565 2644 causa
2593 2580 2959 2646 errectionis

202 2701 285 2755 20
304 2685 676 2774 collegiatae
721 2685 1055 2771 ecclesiae3
1113 2710 1229 2774 pro
1276 2694 1575 2775 quattuor
1636 2686 1963 2752 monachis
2007 2687 2092 2752 ad
2137 2710 2274 2753 eam
2325 2686 2632 2753 habendis
2676 2687 2955 2753 alteram.

291 2795 459 2883 jussi
502 2817 654 2860 vero
699 2802 772 2860 ut
816 2794 1274 2860 conficerentur
1330 2796 1394 2859 in
1442 2797 1743 2881 optimam
1803 2795 2071 2860 formam
2130 2801 2193 2859 et
2238 2795 2289 2858 si
2339 2795 2491 2881 quid
2535 2800 2819 2881 preterea
2864 2805 2958 2859 est

302 2901 478 2989 quod
522 2901 775 2988 possim
801 2901 1049 2966 efficere
1094 2903 1158 2965 in
1205 2903 1476 2986 gratiam
1523 2900 1890 2967 Serenitatis
1938 2901 2201 2966 Vestrae
2259 2899 2361 2966 vel
2405 2901 2577 2988 apud
2640 2924 2953 2966 summum

302 3008 665 3096 pontificem
711 3007 815 3073 vel
845 3008 1076 3074 Ser¹¹¹⁰¹¹¹
1107 3029 1319 3093 regem
1366 3016 1478 3073 aut
1521 3010 1894 3074 auctoritate
1936 3006 2266 3094 legationis
2294 3030 2493 3092 meae,
2539 3008 2767 3072 faciam
2812 3031 2953 3094 pro·

300 3116 466 3198 fecto
512 3114 780 3180 libenter
810 3124 1134 3202 tamquam
1181 3137 1296 3202 pro
1343 3116 1579 3202 optimo
1611 3116 2071 3203 sapientissimo
2103 3115 2289 3181 docto
2334 3123 2396 3180 et
2425 3114 2755 3201 eloquente
2785 3117 2954 3202 prin-

205 3238 282 3292 25
304 3224 466 3310 cipe,
511 3244 699 3310 quem
745 3245 862 3309 ego
894 3244 1290 3309 summopere
1321 3220 1458 3287 colo
1490 3229 1680 3309 atque
1711 3220 1981 3287 observo
2013 3229 2077 3287 et
2106 3220 2458 3288 observabo
2490 3221 2641 3287 dum
2673 3223 2905 3286 vivam.

481 3328 697 3410 Quum
756 3351 907 3394 vero
966 3350 1165 3395 essem
1227 3351 1309 3394 ex
1354 3330 1476 3394 ista
1533 3328 1690 3394 urbe
1749 3335 1962 3393 vestra
2006 3329 2421 3411 discessurae,
2469 3328 2589 3392 fuit
2635 3329 2804 3416 apud
2851 3350 2952 3393 me

300 3439 697 3523 praepositus
741 3434 976 3501 Perlini
1045 3443 1110 3501 et
1174 3435 1597 3522 interpellavit
1664 3438 1844 3523 quasi
1912 3435 2008 3499 his
2066 3435 2306 3501 verbis:
2374 3444 2447 3500 tu
2503 3436 2758 3522 quidem
2803 3433 2949 3499 mmo

299 3545 574 3631 principi
618 3565 759 3608 meo
803 3565 936 3607 rem
983 3565 1278 3628 magnam
1328 3544 1717 3608 concessisti:
1779 3550 1846 3607 at
1889 3544 2167 3607 vicissim
2227 3542 2380 3630 quid
2426 3541 2679 3607 videtur
2720 3541 2835 3607 tibi
2882 3548 2952 3606 ut

299 3654 439 3738 ipse
504 3658 655 3736 agat
722 3671 839 3715 sua
895 3648 1310 3715 beneficentia
1377 3671 1528 3735 erga
1586 3648 1698 3715 te?
1788 3649 2083 3736 respondi
2139 3649 2206 3714 id
2275 3652 2480 3736 ipsum
2539 3648 2708 3735 quod
2777 3670 2947 3713 nunc

209 3759 541 3826 eodicam:
613 3779 715 3822 me
772 3755 1037 3822 libenter
1094 3756 1312 3821 fecisse
1368 3758 1606 3839 omnia,
1664 3755 1961 3821 libentius
2016 3757 2260 3843 majora
2315 3778 2450 3820 esse
2507 3755 2823 3821 facturum
2882 3756 2949 3820 in

297 3865 571 3952 gratiam
632 3870 907 3929 vestram
968 3871 1030 3928 et
1072 3863 1228 3929 nihil
1283 3885 1539 3950 prorsus
1594 3870 1805 3950 petere
1850 3886 2056 3950 neque
2100 3884 2381 3950 unquam
2426 3884 2560 3928 esse
2605 3864 2946 3949 petiturum

298 3980 363 4037 et
408 3971 761 4059 relinquere
818 3993 1073 4057 prorsus
1120 3977 1329 4035 vestro
1375 3969 1638 4036 arbitrio
1684 3972 1737 4034 si
1784 3971 2038 4035 omnino
2094 3969 2250 4034 nihil
2294 3977 2406 4034 aut
2449 3969 2750 4057 quicquid
2795 3969 2948 4034 velit

300 4079 385 4145 ad
431 4101 534 4143 me
590 4078 855 4143 mittere.
945 4079 1144 4164 exigit
1203 4078 1369 4144 enim
1429 4083 1641 4143 vestra
1684 4075 2034 4164 amplitudo
2094 4085 2426 4165 vestraque
2482 4077 2835 4142 constantia
2879 4078 2947 4140 in

297 4186 426 4251 fide
471 4183 781 4251 catholiea
826 4192 895 4250 ut
938 4207 1015 4249 ea
1059 4207 1212 4271 erga
1255 4183 1427 4248 illam
1473 4192 1536 4250 et
1564 4183 1773 4249 dicam
1820 4192 1885 4250 et
1928 4184 2174 4249 faciam.
2237 4183 2482 4250 habetis
2523 4184 2740 4271 itaque
2781 4182 2945 4249 dono

212 4306 341 4360 35a
385 4315 487 4358 me
532 4298 733 4358 totum
778 4290 899 4357 hoc
959 4292 1126 4379 quod
1180 4289 1537 4379 postulastis
1594 4299 1656 4356 et
1698 4292 1974 4358 vicissim
2020 4292 2279 4379 inquam
2324 4289 2477 4356 nihil
2533 4298 2748 4378 repeto
2793 4313 2945 4378 quo-

300 4400 385 4465 ad
429 4421 530 4465 me
575 4399 829 4487 quidem
877 4400 1114 4464 attinet.
1206 4400 1448 4464 utinam
1493 4397 1735 4485 majora
1780 4419 2026 4485 possem
2071 4397 2393 4487 aliquanto
2437 4406 2749 4485 prestare3
2795 4419 2944 4463 nam

301 4506 518 4572 eodem
564 4505 754 4571 modo
799 4527 882 4570 ex
927 4505 1057 4569 solo
1104 4503 1364 4570 arbitrio
1409 4505 1748 4591 penderem
1797 4502 2200 4570 Celsitudinis
2238 4504 2518 4581 Vestrae.

476 4613 747 4678 Romam
792 4610 903 4676 ubi
933 4633 1301 4698 pervenem,
1347 4609 1514 4677 dabo
1562 4633 1818 4699 operam
1852 4618 2156 4698 quantum
2203 4613 2267 4676 in
2314 4634 2416 4677 me
2454 4612 2571 4677 erit
2616 4620 2686 4676 ut
2714 4611 2943 4678 San¹¹²¹²⁸

302 4720 612 4788 Dominus
679 4718 910 4785 Noster
977 4717 1286 4806 approbet
1352 4721 1563 4784 omnia
1633 4741 1796 4806 quae
1865 4720 2030 4805 gessi
2097 4726 2160 4783 et
2238 4718 2422 4807 plane
2490 4717 2677 4784 credo
2746 4717 2942 4784 Suam
