3500 5300
365 583 505 635 1535

330 669 372 706 c.
412 651 549 706 Nov.

377 722 513 777 med.

563 381 673 442 548
1376 381 1477 436 No.
1515 383 1646 437 219:
1686 381 1827 436 1535
1861 398 1905 435 c.
1942 379 2233 435 November
2268 378 2403 434 med.

567 578 917 646 rationibus
960 601 1043 644 ex
1073 585 1366 666 suscepto
1396 576 1696 665 pastorali
1724 575 1937 642 officio
1966 582 2228 664 peteme
2257 598 2359 641 me
2393 573 2677 642 hortetur
2712 580 2783 641 ut
2813 574 2898 641 ad
2928 574 3228 662 generale

570 686 926 770 concilium,
972 685 1144 774 quod
1174 684 1505 751 Mantuam
1537 682 1934 767 convocabit,
1979 684 2252 767 veniam,
2291 704 2407 770 per
2441 680 2610 748 illius
2641 690 2952 748 oratorem
2982 684 3228 770 magni-

567 794 759 858 ficum
826 793 1153 858 dominum
1207 791 1469 858 Petrum
1515 789 1789 856 Paulum
1843 790 2222 876 Vergerium
2290 787 2505 855 adlata
2568 789 2656 854 ad
2722 811 2824 855 me
2880 788 3230 877 Georgium

573 901 889 968 Saxoniae
922 899 1169 982 ducem,
1215 921 1361 964 cum
1397 920 1475 964 ea
1502 899 1858 964 reverentia
1885 919 2013 985 qua
2042 898 2224 963 decet
2253 898 2487 983 accepi.
2554 903 2621 962 et
2661 897 2731 962 in
2758 897 2980 983 primis
3027 895 3230 963 habeo

570 1007 842 1094 gratiam
874 1006 953 1071 de
982 1004 1259 1092 benigna
1301 1004 1410 1071 illa
1454 1005 1830 1071 salutatione
1857 1012 1922 1070 et
1960 1003 2157 1069 literis
2184 1003 2536 1091 specialiter
2561 1003 2646 1069 ad
2691 1026 2794 1069 me
2818 1003 3150 1069 destinatis
3177 1005 3231 1090 ¹)
3277 1013 3309 1068 5

575 1112 937 1201 curaboque
969 1134 1160 1201 quam
1203 1120 1420 1200 potero
1452 1111 1926 1197 diligentissime
1968 1118 2040 1177 ut
2073 1111 2497 1198 expectationi
2529 1132 2721 1198 quam
2764 1109 2885 1175 sibi
2916 1110 3233 1177 Sanctitas

574 1219 706 1287 Sua
729 1220 809 1286 de
839 1242 943 1286 me
971 1220 1038 1284 in
1060 1218 1183 1285 hac
1204 1220 1581 1306 gravissima
1609 1217 1929 1309 religionis
1952 1224 2016 1283 et
2044 1216 2429 1304 reipublicae
2460 1217 2838 1283 christianae
2866 1239 3063 1284 causa
3087 1241 3232 1284 con-

578 1328 761 1414 cepit,
798 1348 912 1413 per
947 1327 1160 1392 omnia
1196 1326 1612 1413 respondeam
1648 1331 1713 1391 et
1746 1346 1850 1390 me
1887 1323 2283 1390 obedientem
2319 1322 2623 1391 ecclesiae
2664 1322 2864 1389 filium
2894 1333 3227 1412 praestem.

752 1431 1089 1499 Caeterum
1136 1455 1282 1499 cum
1326 1433 1394 1498 in
1438 1433 1740 1498 memoria
1785 1430 2056 1497 habeam
2101 1438 2248 1497 ante
2293 1429 2619 1496 biennium
2681 1431 3232 1519 praedecessorem

574 1540 844 1629 praefati
874 1538 1063 1606 Sanmi
1105 1539 1363 1606 Domini
1393 1539 1626 1623 Nostri,
1672 1539 2000 1605 dominum
2031 1536 2417 1603 Clementem
2444 1559 2681 1626 papam
2711 1536 2880 1621 VII,
2912 1538 3089 1625 apud
3133 1560 3236 1604 me
3252 1548 3316 1603 10

579 1668 830 1736 quoque
875 1645 1169 1712 habuisse
1213 1647 1546 1711 nunctium
1592 1645 1745 1711 Rev.
1779 1646 2104 1711 dominum
2137 1644 2429 1730 Ugonem
2460 1644 2834 1731 Regiensem
2866 1646 3234 1731 episcopum

581 1763 645 1819 et
687 1776 818 1819 una
847 1776 993 1819 cum
1024 1752 1371 1820 Caesareae
1400 1752 1752 1840 Majestatis
1783 1759 2031 1818 oratore
2069 1751 2407 1838 magnifico
2439 1758 2502 1817 et
2531 1750 2728 1817 nobili
2759 1751 3016 1817 domino
3045 1751 3236 1818 Lam·

578 1867 757 1948 petto
802 1882 842 1924 a
887 1859 1179 1925 Briaroth
1195 1910 1213 1943 ,
1258 1860 1657 1946 praesidente
1700 1857 2069 1925 Machalinii
2082 1908 2100 1941 ,
2145 1866 2210 1925 et
2254 1865 2390 1924 tum
2435 1859 2558 1924 tria
2601 1856 2742 1923 loca
2786 1857 3036 1924 concilii
3081 1858 3238 1924 cele-

579 1966 810 2033 brandi
856 1967 1178 2054 proposita
1205 1988 1432 2054 meque
1475 1966 1640 2031 inter
1683 1965 1795 2032 illa
1822 1965 2155 2031 Mantuam
2199 1987 2316 2052 pro
2348 1966 2756 2053 oportuniore
2800 1974 3130 2052 reputasse
3155 1967 3237 2053 ²):

582 2095 756 2140 nunc
787 2096 940 2139 vero
973 2075 1164 2139 etiam
1195 2075 1399 2160 magis
1444 2072 1598 2138 mihi
1630 2073 1865 2139 arridet
1909 2095 1987 2139 ea
2017 2074 2341 2157 sententia,
2387 2079 2798 2160 posteaquam
2843 2080 2978 2138 tam
3008 2072 3241 2138 multas
3259 2082 3323 2137 15

583 2180 772 2245 audio
829 2187 1088 2268 tamque
1147 2201 1376 2265 graves
1435 2202 1660 2245 causas
1717 2177 1801 2245 ob
1860 2202 2019 2267 quas
2074 2178 2251 2245 locus
2308 2176 2414 2244 ille
2459 2180 2680 2244 merito
2727 2177 2957 2244 debeat
3003 2183 3242 2245 censeri

584 2286 1005 2369 commodior3
1050 2288 1115 2351 in
1162 2287 1382 2373 primis
1427 2294 1638 2352 autem
1684 2287 1855 2374 quod
1900 2294 1964 2353 et
2009 2285 2319 2353 Cesareae
2348 2285 2670 2373 Majestati
2715 2292 2779 2351 et
2806 2286 3243 2352 Romanorum

584 2393 719 2478 regi
763 2392 930 2457 idem
976 2391 1258 2480 placeat3
1317 2391 1527 2458 locum
1573 2394 1918 2480 prudenter
1963 2394 2217 2458 videtur
2259 2394 2600 2459 instituisse
2645 2393 2871 2460 Saum·
2928 2393 3245 2460 Dominus

586 2499 757 2588 quod
803 2521 1020 2564 omnes
1063 2498 1203 2565 illas
1246 2498 1646 2565 difficultates
1690 2508 1754 2566 et
1798 2499 2271 2588 disputationes,
2319 2499 2401 2565 ob
2448 2490 2606 2588 quas
2635 2499 2940 2567 hactenus
2983 2523 3244 2589 congre·

585 2606 756 2694 gatio
799 2603 908 2671 illa
960 2607 1080 2672 fuit
1137 2606 1365 2691 dilata,
1422 2628 1497 2673 eo
1540 2607 1842 2695 rejecerit.
1931 2607 2200 2695 proinde
2255 2630 2382 2674 non
2442 2606 2690 2674 dubitet
2733 2608 3053 2676 Sanctitas
3114 2609 3248 2675 Sua
3263 2617 3336 2672 20

587 2715 740 2802 quin
794 2714 1263 2801 quamprimum
1319 2736 1435 2801 per
1479 2713 1886 2780 indictionem
1944 2711 2242 2798 vocabor,
2299 2713 2403 2780 vel
2461 2716 2595 2801 ipse
2650 2736 2896 2799 coram,
2967 2716 3073 2782 vel
3129 2737 3250 2804 per

587 2827 1027 2908 procuratores
1069 2820 1263 2886 adero
1308 2842 1455 2886 cum
1485 2819 1673 2908 pleno
1717 2821 2018 2887 mandato
2057 2821 2442 2907 procurandi
2484 2830 2548 2887 et
2590 2821 2865 2887 faciendi
2912 2824 3129 2888 omnia
3169 2846 3251 2888 ea

589 2948 750 3016 quae
795 2927 878 2992 ad
924 2925 1331 3016 tranquillum
1376 2926 1675 2993 ecclesiae
1722 2934 1956 2993 statum
2000 2935 2064 2993 et
2107 2927 2516 3015 extirpandas
2575 2927 2860 2994 haereses
2906 2927 3253 2995 schismata

591 3041 653 3099 et
698 3034 1115 3100 dissensiones
1158 3032 1467 3100 tollendas
1511 3036 1826 3122 pertinere
1871 3041 2182 3122 poterunt

769 3140 856 3206 Et
912 3163 1057 3206 cum
1110 3140 1455 3228 intelligam
1502 3141 1915 3208 Sanctitatem
1973 3140 2172 3207 Suam
2227 3143 2293 3206 in
2352 3140 2474 3208 hac
2529 3163 2599 3207 re
2654 3142 2913 3209 consilio
2974 3151 3041 3210 et
3099 3151 3255 3211 voto
3273 3152 3348 3208 25

593 3269 733 3314 meo
780 3247 1062 3313 nonnihil
1105 3247 1382 3314 tribuere
1395 3299 1413 3332 ,
1474 3271 1603 3314 non
1659 3270 1916 3336 possum
1976 3247 2361 3315 tumultuoso
2405 3247 2528 3315 hoc
2580 3257 2861 3337 tempore
2908 3252 3256 3340 quicquam

595 3353 908 3421 salubrius
953 3361 1015 3420 et
1069 3356 1274 3442 magis
1316 3355 1740 3421 necessarium
1787 3354 2111 3421 consulere
2170 3364 2234 3422 et
2276 3379 2317 3421 a
2361 3356 2708 3423 Sanctitate
2755 3356 2886 3423 Sua
2929 3357 3261 3426 humiliter

596 3468 808 3550 petere
852 3483 1044 3549 quam
1090 3470 1162 3528 ut
1203 3464 1554 3528 institutum
1589 3462 1709 3528 hoc
1753 3461 2046 3549 generale
2075 3462 2415 3529 concilium
2448 3465 2655 3550 primo
2685 3486 2938 3553 quoque
2967 3472 3260 3554 tempore

598 3577 920 3652 convocet,
976 3575 1048 3633 ut
1090 3567 1299 3634 adhuc
1352 3570 1506 3634 dum
1559 3591 1678 3657 ego
1731 3568 1855 3635 hac
1912 3569 2202 3657 perfruor
2270 3592 2431 3635 aura
2444 3620 2464 3654 ,
2529 3570 2834 3637 celebrari
2902 3580 2967 3637 et
3035 3573 3263 3660 perfici

599 3676 810 3764 possit.
886 3695 1034 3740 nam
1067 3676 1118 3740 si
1162 3675 1400 3741 diutius
1442 3676 1822 3761 differretur,
1868 3677 2217 3742 timendum
2257 3675 2413 3742 mihi
2441 3678 2901 3765 propemodum
2931 3680 3264 3747 videretur
3280 3688 3352 3741 30

601 3804 682 3847 ne
724 3803 831 3847 eos
874 3804 1090 3847 omnes
1135 3784 1243 3870 qui
1296 3782 1451 3847 mihi
1497 3782 1718 3849 crediti
1766 3792 1929 3867 sunt,
1974 3786 2041 3849 in
2101 3782 2459 3850 obedientia
2512 3791 2575 3850 et
2618 3786 2861 3851 unitate
2906 3785 3262 3854 catholicae

602 3887 899 3955 ecclesiae
943 3890 1212 3955 retinere
1256 3912 1384 3955 non
1427 3892 1659 3977 possim
1674 3940 1693 3973 ,
1739 3893 1894 3978 quin
1909 3940 1925 3973 ,
1983 3897 2076 3956 tot
2108 3893 2250 3979 jam
2294 3893 2478 3957 annis
2521 3897 2586 3957 et
2628 3893 2814 3957 toties
2858 3894 3264 3960 convocandi

604 3994 849 4062 concilii
908 4019 1018 4084 spe
1071 3996 1242 4061 facta
1302 4019 1497 4085 reque
1550 3996 1725 4062 nulla
1770 4005 1985 4063 secuta
1999 4048 2019 4082 ,
2077 3998 2132 4063 si
2173 3999 2312 4085 jam
2372 3999 2583 4065 denuo
2639 4001 2974 4086 negocium
3020 4000 3263 4067 diutius

605 4103 873 4191 proferri
928 4112 1121 4191 atque
1177 4103 1267 4169 ita
1310 4103 1598 4170 frustrari
1655 4103 1962 4189 debeant,
2029 4105 2420 4193 despondere
2474 4107 2718 4172 animos
2775 4106 2965 4193 plane
3024 4114 3262 4196 queant

751 4318 773 4348 1

751 4316 799 4473 ’ζ
835 4317 1477 4476 ῗεὲῠθέαζὶτξιίιζεοάετ
1513 4408 1772 4465 Antwort
1815 4409 2031 4479 Her-209
2074 4408 2276 4479 θεωρεῖ
2323 4410 2440 4477 auf
2480 4410 2582 4466 das
2628 4411 2958 4482 Anbrinyea
3003 4411 3263 4484 Reqqio’s

607 4510 650 4551 s.
689 4496 774 4551 bei
815 4495 1274 4551 Maurcnbrecher
1323 4494 1529 4553 Gadis
1561 4497 1659 4552 der
1707 4498 1912 4553 kathol.
1949 4498 2333 4565 Reformation
2368 4500 2412 4553 I
2449 4499 2505 4555 S.
2543 4499 2697 4567 4161<
2780 4499 2901 4556 Der
2946 4501 3074 4557 dort
3120 4518 3259 4572 wey-

606 4586 881 4656 9elassenc
917 4583 1123 4655 solitast
1160 4587 1360 4641 lautet:
1413 4586 1534 4657 Ego
1581 4587 1802 4658 quidem
1852 4587 2040 4643 sedulo
2088 4595 2146 4643 et
2194 4607 2292 4660 pro
2330 4588 2471 4643 virili
2520 4590 2754 4646 studebo
2798 4607 2867 4646 ne
2914 4590 2989 4646 ab
3027 4591 3263 4647 eccloeia

612 4674 885 4729 catholica
922 4692 1161 4745 unquam
1198 4676 1283 4731 vel
1321 4677 1377 4729 in
1404 4677 1627 4731 minimo
1656 4676 1934 4731 discedam
1970 4684 2026 4731 et
2053 4677 2329 4734 videretur
2364 4678 2498 4732 mihi
2535 4680 2678 4734 inter
2704 4686 2816 4735 tres
2851 4680 2975 4736 illas
3003 4682 3258 4738 civitates

614 4761 844 4819 Mantua
879 4765 1250 4834 opportunior.
1324 4765 1492 4819 Arch.
1543 4765 1661 4820 Vat.
1701 4765 1855 4819 Arm.
1893 4765 1979 4819 XI
2015 4783 2164 4838 caps.
2205 4770 2271 4823 12
2308 4785 2387 4823 nr.
2427 4769 2495 4822 23
2538 4767 2688 4839 Θήρ.
3277 4765 3352 4820 40

3277 4333 3355 4389 35
