3500 5300
561 354 665 450 ite
1121 430 1128 436 .
1373 358 1472 443 iio.
1509 390 1748 443 35—36:
1790 360 1926 443 153⁷}
1968 360 2119 459 April
2160 387 2402 442 19.-21.

365 591 502 640 15-37
557 587 762 671 aprire
810 586 851 650 il
899 594 1064 650 tutto
1111 585 1171 648 al
1216 607 1332 649 suo
1364 587 1645 670 signore:
1694 589 1847 671 pero
1893 606 2090 670 prego
2121 583 2210 651 V.
2243 582 2308 648 S.
2354 588 2556 668 (come
2603 604 2788 669 spero
2818 582 2982 665 fara)
3014 581 3232 668 voglia

292 660 431 726 Apr‘
469 663 539 712 19
556 693 855 757 talmcnte
902 714 1154 778 esporre
1199 691 1246 755 il
1290 701 1457 757 tutto
1503 715 1542 755 a
1588 691 1718 755 Sua
1765 690 2013 755 Santita
2057 690 2221 755 ch’io
2267 711 2570 776 appresso
2617 689 2662 753 il
2708 689 3083 776 dispiacere‚
3130 690 3231 753 nel

557 800 742 884 quale
795 799 988 863 molte
1034 799 1206 862 volte
1253 800 1338 862 mi
1388 808 1634 876 truov0‚
1680 820 1807 863 non
1854 820 1933 861 ne
1980 799 2201 883 riporti
2247 796 2398 862 odio
2443 798 2653 861 carico
2699 806 2767 860 et
2811 796 3056 874 danao,
3102 818 3230 861 non

557 905 702 969 dico
749 905 832 969 da
878 903 1008 969 Sua
1053 903 1479 983 Beatitudine‚
1525 904 1673 990 qual
1719 927 1837 969 son
1884 914 2058 969 certo
2104 926 2377 969 conosce
2422 903 2570 988 qual
2617 905 2713 967 sia
2742 903 2788 968 il
2818 902 3041 968 debito
3080 905 3231 981 mio,

555 1035 660 1077 ma
689 1034 994 1098 appresso
1041 1010 1103 1075 di
1153 1011 1421 1096 qualche
1462 1011 1641 1090 altro,
1686 1033 1868 1075 come
1899 1010 1988 1076 V.
2022 1011 2086 1076 S.
2117 1010 2613 1096 prudentissima
2640 1014 2768 1095 puo
2800 1009 3229 1074 considerare.
3276 1020 3307 1072 5

557 1125 634 1182 ne
680 1118 839 1183 altro
887 1116 1274 1183 occorrendo
1320 1124 1424 1182 etc.

293 1227 428 1295 Apr.
471 1230 539 1279 19
733 1225 838 1289 Da
883 1225 1090 1309 Praga
1137 1223 1242 1287 alli
1296 1234 1374 1291 19
1425 1223 1492 1288 di
1539 1224 1739 1310 aprile
1794 1234 1960 1292 1537
1996 1228 2058 1305 ι).

293 1460 430 1528 ΑΡΥ·
466 1455 673 1524 2136.
770 1455 1083 1520 Ricalcati
1129 1478 1216 1519 an
1262 1456 1557 1519 Morene:
1613 1456 1764 1519 iiber
1819 1456 1918 1518 die
1975 1456 2111 1519 (lem
2163 1454 2375 1519 Conci!
2418 1454 2613 1518 durch
2658 1455 2777 1518 den
2822 1454 3069 1537 Her-my
3112 1475 3230 1519 von

556 1563 838 1628 Mantua
894 1563 1210 1625 beredeten
1255 1560 1789 1643 Schwieriykeiten
1847 1563 1984 1625 und
2038 1561 2138 1625 die
2193 1562 2502 1643 desweyen
2560 1563 2651 1625 im
2705 1562 3014 1644 qaetriqen
3068 1560 3227 1627 Gon-

554 1670 874 1733 sistorium
920 1668 1319 1734 besohlossem»
1367 1669 1773 1750 Proroyation
1817 1668 1923 1732 cles
1961 1668 2200 1732 Concils
2242 1689 2387 1733 eunt.
2432 1675 2470 1732 1
2504 1668 2840 1732 November
2884 1669 3074 1746 1537,
3118 1689 3229 1731 wa
3247 1679 3309 1732 10

556 1777 691 1840 eine
756 1776 984 1839 andere
1028 1775 1322 1839 Malstatt
1386 1796 1468 1839 zu
1536 1776 1904 1839 bestimmen.
1998 1774 2123 1839 Die
2190 1774 2657 1855 erforderlichen
2716 1774 2966 1839 Brevm
3026 1774 3230 1857 folyen

556 1883 732 1946 nach.
825 1882 1102 1964 Auftray
1146 1904 1234 1945 an
1279 1882 1398 1946 den
1445 1882 1734 1945 Nuntius
1778 1882 2221 1963 vorzubeuyen,
2282 1880 2413 1964 ᾱᾳβ
2464 1882 2536 1945 in
2581 1880 3015 1945 Deutschland
3055 1881 3231 1945 keine

573 1989 1031 2070 Verstimmuny
1075 1988 1338 2053 ‹mtstehe
1381 1988 1520 2051 und
1555 1987 1705 2069 falls
1743 1988 2269 2053 Concizsbeszaeher
2298 1988 2483 2052 sehon
2526 1992 2883 2070 unterweys,
2927 1987 3231 2052 dieselben

555 2118 640 2160 zu
682 2097 995 2173 sistierem
1038 2117 1158 2159 von
1204 2095 1364 2177 Rom
1407 2116 1528 2159 aus
1571 2094 1833 2159 schreibt
1876 2116 2030 2159 man
2074 2095 2382 2177 daeweyen
2425 2116 2515 2158 an
2571 2095 2691 2159 den
2734 2094 3107 2160 Statthalwr
3148 2116 3231 2159 zu

566 2203 794 2266 Trioni.
886 2202 1171 2265 Antwort
1215 2201 1344 2281 auf
1380 2200 1578 2281 Brief
1608 2223 1745 2265 vom
1791 2203 1874 2264 16
1904 2201 2098 2266 Mc'z'rz
2140 2203 2256 2265 mit
2298 2201 2584 2265 nc‘z’chster
2615 2201 2795 2279 Post,·
2838 2200 3232 2283 Belobiyuny
3251 2211 3310 2265 15

555 2330 758 2389 ‘weyen
802 2310 909 2371 der
962 2308 1196 2387 Chiffer
1238 2329 1374 2371 vom
1420 2310 1461 2370 6
1506 2307 1716 2372 Mc‘irz.
1810 2309 1978 2371 1537
2023 2307 2217 2388 April
2257 2312 2343 2373 21
2390 2307 2568 2372 Rom.

703 2452 822 2504 Ans
857 2450 1101 2519 Neapel,
1152 2450 1249 2505 Gr.
1287 2451 1550 2505 Archivio
1594 2449 1760 2506 Oarte
1798 2449 2020 2504 Fames.
2060 2448 2220 2504 Fasc.
2258 2449 2389 2516 7083
2440 2449 2585 2503 links
2631 2448 2765 2503 oben
2799 2449 3124 2521 Duplicata.
3163 2480 3231 2489 —

779 2540 1128 2606 Abschrifien
1172 2539 1344 2607 Rom,
1399 2539 1547 2594 Bibe.
1597 2539 1717 2593 Vat.
1768 2538 1902 2595 cod.
1950 2538 2081 2595 Vat.
2119 2539 2261 2592 3915
2310 2537 2390 2593 fol
2443 2538 2802 2594 wat—279·
2837 2539 3231 2611 (qzeicloeeffiq)

771 2628 893 2682 und
919 2629 1086 2683 Arch.
1128 2627 1249 2683 Vat.
1278 2628 1502 2684 Lettere
1528 2629 1612 2683 de’
1640 2628 1881 2700 principi
1914 2627 2037 2684 Vol.
2068 2628 2137 2683 14
2165 2626 2259 2682 fol.
2287 2626 2432 2683 36211
2449 2627 2650 2683 -363b
2687 2628 2924 2697 (amitere
2953 2628 3231 2700 Ababa).

735 2753 1030 2819 Essendo
1077 2753 1313 2817 Nostro
1346 2753 1610 2838 Signore
1655 2756 1721 2816 in
1767 2755 2059 2838 procinto
2105 2751 2369 2816 d’andar
2414 2775 2453 2816 a
2481 2752 2795 2818 Mantova
2838 2756 2909 2817 in
2950 2764 3313 2839 personam

556 2883 672 2946 per
738 2861 797 2923 la
857 2859 1278 2924 celebratione
1347 2859 1450 2924 del
1512 2859 1784 2924 concilio
1850 2868 2032 2924 tanto
2093 2858 2175 2923 da
2235 2857 2366 2923 Sua
2411 2857 2657 2922 Santita
2725 2858 3097 2924 desiderato
3169 2871 3233 2926 et

556 2976 912 3053 procuratO,
958 2989 1085 3031 non
1132 2974 1378 3031 ostante
1426 2965 1598 3031 ch’in
1643 2967 1852 3051 questi
1908 2968 2104 3051 tempi
2160 2974 2225 3030 et
2283 2973 2588 3052 apparato
2647 2965 2753 3030 del
2798 2965 3016 3031 Tureo
3065 2968 3230 3032 male

559 3076 612 3138 si
661 3082 914 3160 potesse
959 3073 1224 3138 lasciare
1272 3081 1497 3158 questa
1541 3080 1710 3136 terra
1768 3079 1847 3136 ne
1906 3093 2094 3137 meno
2152 3076 2207 3137 si
2266 3081 2521 3159 potesse
2567 3070 2701 3137 Sua
2745 3071 2999 3138 Santita
3060 3084 3129 3138 et
3184 3075 3229 3139 li

560 3181 697 3244 suoi
745 3181 1058 3244 conferirc
1105 3182 1173 3243 in
1205 3177 1590 3243 Lombardia
1635 3201 1749 3264 per
1794 3178 1837 3241 li
1867 3178 2133 3264 pericoli
2162 3180 2452 3243 iminenti
2497 3201 2615 3265 per
2651 3178 3006 3267 l’apparato
3054 3180 3229 3245 dele

559 3308 781 3370 guerre
829 3285 945 3349 ohe
992 3288 1049 3350 ci
1122 3289 1174 3350 si
1233 3285 1430 3364 vede,
1498 3285 1694 3349 l'Illmo
1753 3288 1972 3369 signor
2019 3284 2185 3350 duca
2246 3284 2311 3349 di
2359 3285 2673 3351 Mantova
2728 3284 2812 3351 ha
2870 3288 3309 3374 interpostoffi

559 3402 732 3457 certo
778 3392 1234 3479 impedimento
1281 3415 1404 3457 con
1449 3391 1647 3458 havcr
1690 3393 1800 3478 piil
1850 3392 2021 3456 volte
2069 3391 2454 3457 domandato
2516 3402 2581 3456 et
2643 3393 2949 3479 replicato
3012 3395 3229 3460 volere

560 3499 642 3564 da
689 3499 820 3564 Sua
865 3499 1114 3564 Santita
1143 3526 1148 3530 ·
1160 3521 1383 3584 grossa
1428 3522 1669 3563 somma
1728 3499 1809 3564 de
1857 3498 2076 3564 danari
2136 3521 2251 3584 per
2307 3498 2550 3563 condur
2607 3499 2780 3564 buon
2836 3523 3104 3565 numero
3163 3500 3225 3565 di

558 3616 747 3690 gente
796 3606 879 3672 da
922 3605 1110 3693 piede
1159 3616 1225 3670 et
1270 3606 1352 3671 da
1398 3606 1645 3671 cavallo
1689 3628 1807 3690 per
1836 3627 2167 3670 securezza
2212 3629 2329 3670 sua
2375 3615 2441 3670 et
2486 3605 2656 3671 della
2686 3605 2863 3672 detta
2908 3630 3025 3672 sua
3073 3612 3228 3673 cittii

561 3721 627 3776 et
671 3722 838 3777 stato
867 3715 931 3794 ²).
1022 3713 1070 3776 il
1115 3711 1233 3777 che
1281 3719 1314 3776 e
1360 3734 1548 3798 parso
1609 3735 1760 3777 cosa
1815 3713 2011 3777 molto
2070 3722 2315 3789 strana,
2382 3715 2869 3778 maximamente
2928 3714 3225 3781 havendo

559 3818 691 3884 Sua
745 3819 1147 3884 Excellentia
1204 3818 1534 3904 indugiato
1593 3842 1632 3883 a
1703 3820 1985 3905 scoprire
2044 3828 2272 3904 questo
2332 3822 2430 3883 sin
2491 3819 2754 3899 adesso,
2816 3829 2883 3884 et
2940 3821 3108 3886 oltra
3160 3820 3305 3885 «1130

559 3935 785 4012 questo
831 3927 1028 3991 molto
1075 3927 1282 3990 aliena
1327 3925 1411 3989 da
1454 3926 1602 4010 quel
1649 3925 1767 3991 che
1800 3925 1854 3990 si
1901 3929 2211 3990 conviene
2259 3926 2384 3991 alla
2413 3926 2840 3991 celebratione
2889 3925 3043 3992 d’un
3073 3949 3225 3992 vero

560 4041 625 4096 et
671 4041 856 4097 santo
903 4033 1175 4096 concilio
1221 4043 1287 4096 et
1331 4032 1710 4097 scandolosa
1756 4056 1881 4096 non
1928 4032 2065 4097 solo
2112 4055 2149 4097 a
2196 4032 2572 4111 Lutheram',
2618 4055 2724 4098 ma
2769 4032 2971 4097 anche
3020 4058 3058 4099 a
3104 4034 3224 4099 Ca-

559 4139 812 4216 tholici,
858 4161 1036 4203 come
1083 4139 1200 4203 che
1248 4138 1379 4204 Sua
1424 4137 1675 4204 Santita
1717 4139 1967 4204 volesse
2015 4139 2361 4204 celebrarlo
2407 4148 2647 4204 armata
2691 4163 2901 4205 manu.
2988 4142 3050 4206 al
3109 4141 3223 4205 che

560 4267 690 4308 non
737 4250 938 4330 penso
983 4247 1127 4326 mai,
1174 4249 1300 4310 imo
1345 4244 1429 4310 ha
1476 4256 1991 4332 expressamente
2038 4246 2306 4310 chiarito
2367 4247 2411 4309 il
2474 4245 2727 4332 prefato
2786 4249 3004 4331 signor
3062 4247 3221 4313 duca

713 4494 751 4558 ¹)
795 4495 903 4549 1)ιέ
941 4497 1198 4550 Anlwort
1233 4497 1352 4562 auf
1394 4496 1581 4550 diesen
1618 4496 1808 4562 Bm'ef',
1846 4496 1947 4550 der
1982 4497 2043 4550 in
2083 4495 2222 4550 Rom
2260 4514 2350 4551 am
2387 4499 2457 4549 15
2493 4496 2621 4549 Mai
2657 4499 2954 4567 anlanyte,
2989 4516 3032 4552 s.
3072 4517 3127 4551 u.
3161 4496 3299 4551 in35

562 4602 648 4639 nr.
688 4589 773 4638 43.
2842 4609 2847 4614 ²

706 4675 749 4741 ²)
803 4674 913 4743 Vyl.
972 4676 1059 4728 (lie
1117 4675 1447 4750 Einleituny
1500 4674 1623 4729 und
1677 4674 1769 4730 die
1821 4675 1883 4728 in
1941 4673 2047 4727 den
2100 4673 2369 4745 Beilaqen
2425 4673 2825 4742 abqedruckten
2880 4676 3217 4745 bafiyh'cken

559 4763 776 4820 Ste'ae‘cke.
