3500 5300
625 349 733 412 270
1608 351 1707 405 No,
1747 352 1845 405 84:
1883 351 2024 405 1538
2061 350 2211 421 April
2246 351 2297 404 4.

432 553 573 603 1538
804 547 948 632 Egli
995 549 1060 612 in
1107 547 1301 613 breve
1346 550 1581 612 venera
1634 549 1698 610 in
1746 545 1935 612 Italia
1992 569 2112 611 con
2172 545 2624 610 l’arcivescovo
2671 545 3041 611 Collocense
3067 596 3084 628 ,
3147 544 3279 632 qual

397 623 531 689 “¹²⁹⁹‘'
574 626 808 720 4viene
866 678 905 719 a
951 678 1133 719 nome
1179 654 1279 720 del
1330 654 1644 741 Vayvoda
1676 658 1761 737 ¹),
1832 661 1894 718 et
1939 653 2003 718 di
2052 654 2429 739 compagnia
2473 654 2799 718 andarano
2848 652 2976 717 alla
3020 652 3280 717 Cesarea

628 762 871 825 Maesta
927 784 1041 846 per
1101 759 1475 827 concludere
1532 767 1752 848 questa
1811 783 2002 845 pace,
2062 759 2227 824 della
2283 759 2469 847 quale
2524 761 2656 825 Sua
2716 760 3011 846 Signoria
3074 781 3156 824 ne
3209 759 3280 823 da

624 871 827 933 ferma
873 890 1179 954 speranza
1239 876 1301 933 et
1359 867 1558 932 lascia
1615 866 2146 953 comprehendere
2203 865 2320 931 che
2376 875 2598 953 questa
2643 876 2994 932 secretezza
3044 868 3140 931 sia
3181 889 3280 952 per

626 977 922 1039 interesse
980 974 1082 1039 del
1128 974 1462 1061 Vayvoda‚
1522 984 1586 1040 et
1644 997 1840 1060 prega
1900 973 2030 1039 Sua
2087 974 2335 1038 Santita
2379 996 2492 1060 per
2549 973 2723 1038 molti
2778 975 3024 1060 rispetti
3084 971 3342 1059 vogliab

628 1091 841 1146 tenero
902 1104 1200 1167 appresso
1257 1082 1323 1146 di
1384 1104 1450 1146 se
1508 1089 1731 1168 questa
1791 1103 2097 1167 speranza
2142 1080 2209 1144 di
2254 1102 2443 1166 pace,
2505 1080 2650 1167 qual
2715 1081 2767 1143 si
2816 1082 2942 1167 puo
2989 1081 3134 1145 dire
3177 1081 3279 1144 fer·

628 1211 857 1252 mezza.

808 1296 891 1360 Et
914 1295 1145 1381 perche
1176 1294 1220 1359 il
1244 1296 1526 1381 predetto
1550 1294 1887 1360 Londense
1919 1296 2172 1359 trovera
2194 1293 2325 1358 Sua
2350 1293 2764 1377 Beatitudine,
2790 1318 2857 1359 se
2887 1294 2932 1359 il
2958 1317 3280 1380 congresso

628 1403 692 1466 di
740 1403 936 1467 Nizza
981 1404 1247 1486 seguirh,
1296 1404 1439 1466 sara
1483 1402 1631 1465 facil
1678 1425 1827 1466 cosa
1879 1401 1995 1466 che
2049 1403 2180 1466 Sua
2233 1402 2481 1467 Santita
2523 1403 2608 1467 da
2653 1402 2740 1467 lui
2785 1404 3054 1468 intenda
3087 1400 3279 1490 qnello

630 1509 744 1574 che
791 1509 931 1574 dice
976 1533 1102 1574 non
1150 1517 1365 1595 potere
1411 1510 1814 1574 manifestare
1860 1530 1900 1572 a
1945 1531 2077 1590 me,
2134 1507 2366 1595 perche
2412 1531 2658 1595 sempre
2703 1533 2890 1596 sopra
2935 1511 3133 1575 modo
3177 1510 3281 1573 l’ho
3299 1519 3348 1570 10

633 1618 993 1681 conosciuto
1041 1616 1429 1680 affettionato
1477 1639 1516 1680 a
1547 1616 1677 1681 Sua
1708 1617 1956 1680 Santita
2002 1622 2067 1680 et
2111 1616 2304 1680 molto
2335 1615 2541 1680 zeloso
2572 1616 2673 1681 del
2723 1615 3020 1682 benefitio
3062 1627 3129 1682 et
3158 1614 3282 1681 dell'

633 1724 948 1788 authorita
993 1723 1058 1786 di
1105 1722 1313 1809 quella
1358 1723 1505 1787 sede
1553 1723 1901 1809 apostolica
1946 1725 2008 1786 in
2057 1724 2205 1809 ogni
2253 1731 2503 1787 cuncto,

476 1848 532 1884 ⁹²-
812 1831 920 1893 Ma
965 1829 1197 1915 perche
1258 1831 1321 1894 la
1364 1838 1602 1895 venuta
1661 1854 1778 1894 sua
1835 1853 1959 1894 non
2023 1832 2167 1894 sara
2224 1829 2310 1893 fin
2358 1830 2569 1916 doppo
2614 1829 2850 1917 pascha
2873 1881 2890 1912 ‚
2961 1834 3112 1896 sara
3154 1831 3287 1896 forsi

364 1905 503 1972 Apr.
540 1908 699 2002 21111
756 1939 1080 2025 proposito
1142 1936 1257 2002 che
1311 1939 1442 2001 Sua
1497 1938 1746 2002 Santita
1805 1936 2154 2001 certificata
2212 1936 2315 2001 del
2372 1945 2663 2023 presente
2723 1946 2886 2002 stato
2949 1939 3018 2003 di
3082 1947 3286 2026 questo

632 2047 882 2130 negotio
927 2045 1093 2138 facia
1138 2041 1319 2108 caldo
1367 2044 1563 2108 offitio
1610 2065 1726 2129 per
1770 2044 2023 2123 lettere,
2083 2066 2209 2108 non
2254 2044 2566 2130 possendo
2613 2067 2732 2109 con
2777 2047 3136 2130 presentia,
3181 2068 3286 2109 con
3305 2055 3352 2106 15

631 2153 690 2217 la
738 2152 1011 2218 Cesarea
1057 2152 1331 2215 Maesta:
1387 2150 1502 2215 che
1549 2150 1762 2238 voglia
1819 2150 2074 2215 tandem
2133 2150 2346 2237 doppo
2406 2158 2579 2215 tante
2624 2154 2806 2216 ruine
2854 2161 3119 2217 mettere
3163 2173 3288 2240 per·

630 2268 818 2347 petuo
866 2258 1286 2324 stabilimento
1332 2283 1372 2323 a
1416 2267 1633 2346 queste
1680 2280 1823 2322 cose
1870 2257 1950 2321 de
1999 2257 2313 2343 Ongaria‚
2374 2280 2500 2321 non
2549 2258 3009 2344 risguardando
3058 2283 3100 2324 a
3143 2261 3289 2323 desi·

630 2367 806 2432 derio
863 2366 1089 2432 alcuno
1146 2367 1225 2429 ne
1285 2389 1325 2429 a
1369 2376 1660 2452 pretense
1718 2366 2007 2450 raggioni
2052 2364 2117 2428 di
2183 2372 2405 2451 questa
2450 2364 2723 2449 Maesta,
2782 2365 2932 2452 qual
2987 2388 3109 2452 per
3153 2366 3288 2452 ogni

631 2474 819 2539 modo
887 2475 1078 2538 credo
1147 2496 1275 2537 non
1342 2475 1493 2538 resti
1559 2475 1623 2536 in
1694 2480 1857 2536 tutto
1923 2471 2237 2535 satisfatta
2281 2471 2348 2536 di
2394 2480 2917 2558 compromettere
2963 2473 3158 2560 quelli
3201 2483 3285 2537 tre

630 2582 807 2670 ponti
856 2583 1041 2644 etiam
1090 2581 1154 2644 in
1200 2579 1264 2644 la
1310 2581 1580 2645 Cesarea
1627 2580 1885 2643 Maesta.
1978 2587 2041 2643 et
2096 2586 2319 2667 questo
2379 2578 2575 2643 offitio
2634 2581 2779 2643 sara
2835 2589 3014 2644 tanto
3073 2588 3353 2669 oppor-ss)

632 2699 783 2753 tuno
830 2688 945 2754 che
991 2691 1339 2774 prevenera
1396 2690 1543 2772 ogni
1601 2689 1845 2774 pratica
1903 2686 2089 2775 quale
2152 2694 2373 2773 questa
2433 2687 2679 2752 Maesta
2735 2695 2981 2774 potesse
3050 2691 3184 2754 fare
3227 2689 3284 2752 in

631 2797 979 2879 contrario,
1049 2804 1113 2859 et
1179 2819 1303 2883 pur
1371 2794 1496 2860 alla
1566 2795 1692 2858 fine
1762 2795 2040 2859 reuscira
2108 2795 2172 2857 in
2231 2815 2390 2879 gran
2453 2793 2602 2858 utile
2649 2793 2996 2859 ethonore
3044 2796 3126 2860 de
3171 2796 3286 2860 Sua

631 2902 894 2984 Maesta,
941 2900 985 2965 li
1030 2904 1206 2986 regni
1252 2909 1315 2966 et
1358 2902 1675 2988 provintie
1720 2898 1889 2964 della
1933 2898 2082 2986 qual
2127 2899 2288 2963 oltra
2332 2898 2394 2964 la
2450 2923 2610 2985 gran
2656 2903 2842 2964 ruina
2886 2900 2969 2966 de
3015 2902 3286 2989 Ongaria

632 3032 785 3073 sono
834 3007 1130 3073 talmente
1177 3008 1468 3072 exhausti
1530 3030 1643 3095 per
1690 3015 1914 3094 questa
1957 3029 2191 3091 guerra
2236 3006 2315 3070 de
2360 3006 2572 3072 dodici
2617 3009 2770 3073 anni
2816 3031 2936 3072 con
2983 3032 3147 3096 poco
3191 3009 3282 3073 ho·

633 3139 785 3181 nore
831 3124 894 3183 et
938 3115 1091 3180 utile
1137 3139 1282 3197 suo,
1342 3115 1457 3181 che
1517 3115 1575 3179 al
1636 3122 1926 3202 presente
1973 3136 2091 3179 con
2137 3136 2301 3200 gran
2349 3114 2539 3178 fatica
2583 3116 2635 3178 si
2681 3138 2954 3201 possono
2999 3117 3214 3182 ridure
3251 3118 3347 3179 effi

633 3315 852 3368 dinami
887 3314 1018 3368 oder
1055 3313 1242 3368 dassen
1277 3312 1465 3365 Erben
1500 3313 1645 3366 nach
1680 3312 1934 3365 Johaoms
1975 3311 2148 3378 rode,
2198 3311 2422 3365 einerlei
2457 3312 2523 3365 ob
2562 3311 2796 3365 ἄεν-301110
2831 3312 3055 3367 Kinder
3089 3314 3285 3368 himer·

633 3405 771 3458 lasse
825 3403 957 3457 oder
988 3400 1172 3458 'nicht
1264 3402 1383 3455 Der
1434 3402 1634 3455 Friede
1688 3402 2005 3455 involvicrte
2060 3400 2206 3454 auch
2266 3400 2371 3454 den
2425 3396 2716 3468 Ansethss
2765 3402 3022 3456 Johanns
3078 3421 3160 3457 aa
3209 3401 3285 3456 die

638 3493 996 3562 Tiirkenliya,
1050 3491 1188 3546 doch
1236 3492 1373 3545 blieb
1422 3490 1512 3545 die
1547 3491 1947 3559 Publicierzmy
1999 3490 2091 3544 des
2127 3489 2400 3543 Friedens
2447 3489 2566 3543 und
2615 3489 2705 3542 dic
2755 3493 2930 3557 offena
2966 3492 3284 3559 Erklc‘irunq

633 3583 887 3636 Johanns
932 3598 1100 3651 qeyen
1147 3582 1338 3635 seinen
1397 3582 1704 3650 bisheriyen
1756 3581 1981 3635 Gonner
2029 3579 2319 3633 Sulciman
2365 3581 2520 3632 nebst
2577 3577 2823 3632 anderen
2869 3580 3128 3635 Punkten
3182 3582 3282 3635 ‹ie-
3449 3630 3450 3645 ,

632 3671 928 3724 Ermessen
966 3671 1056 3724 des
1098 3671 1327 3724 Kaisers
1362 3671 1700 3736 tiberlassen,
1741 3669 1794 3723 d.
1832 3670 1884 3722 h.
1922 3686 2029 3723 von
2078 3669 2334 3737 weiteren
2377 3668 2837 3736 Verhandlunqcn
2886 3671 2986 3722 mit
3038 3662 3345 3724 lemare-⁸³0

631 3760 928 3829 abhc'inyiy.
1010 3761 1125 3829 Vyl.
1164 3761 1305 3813 noch
1341 3776 1457 3812 nrr.
1486 3761 1572 3811 85.
1603 3763 1688 3825 97,
1726 3759 1849 3812 und
1883 3758 2018 3811 tiber
2055 3759 2144 3810 die
2181 3757 2394 3811 weitere
2421 3756 2815 3825 Entwickluny
2854 3756 2954 3810 der
2981 3756 3173 3827 Dinye
3206 3757 3284 3810 die

633 3849 949 3917 Depeschen
988 3849 1289 3902 Alcandcrs
1324 3849 1387 3901 in
1423 3848 1531 3901 Bd.
1572 3852 1606 3900 3
1643 3848 1819 3901 dieser
1855 3847 2228 3901 Mlikation.

779 3938 821 4004 ¹)
858 3938 1058 3991 Durch
1084 3937 1372 3991 Schreiben
1398 3937 1455 3989 d.
1485 3935 1539 3988 d.
1569 3935 1773 3989 Budas
1801 3940 1830 3988 1
1858 3936 2028 4002 April
2054 3938 2198 3988 1538
2234 3935 2572 4004 beqlaubiyte
2597 3934 2672 3988 K.
2700 3934 2932 3989 Joham·
2959 3934 3281 4004 stampas·

633 4027 970 4092 Erzbischof
1009 4044 1115 4081 von
1155 4026 1377 4079 Colocza
1423 4024 1545 4077 und
1582 4023 1826 4088 Bischof
1861 4041 1964 4077 von
1999 4023 2183 4092 Ayria
2234 4023 2372 4076 beim
2418 4022 2638 4089 Papste.
2711 4024 2979 4091 Florem,
3033 4024 3200 4078 Arde.
3232 4022 3282 4075 du·
3449 4058 3450 4083 r

631 4116 790 4170 Stato
838 4116 1002 4171 Carte
1054 4114 1375 4169 Cerviniane
1420 4113 1579 4168 Fasc.
1621 4115 1692 4168 35
1740 4131 1821 4166 nr.
1860 4114 1927 4166 27
1972 4111 2120 4179 Oriq.
2196 4111 2315 4165 Der
2363 4111 2701 4177 Erzbischof
2741 4141 2804 4150 -—
2853 4129 2913 4166 er
2959 4120 3136 4166 namt
3182 4105 3340 4166 §0235

631 4222 744 4257 nur
779 4204 1011 4269 Bischof
1059 4222 1166 4258 von
1200 4204 1384 4272 Ayria
1421 4233 1477 4240 —
1526 4204 1763 4257 schreibt
1815 4220 1906 4254 am
1946 4204 2022 4255 27
2057 4201 2202 4255 Jmu:
2237 4204 2378 4254 1538
2426 4218 2534 4254 aus
2578 4201 2785 4255 Padua
2828 4219 2908 4255 an
2955 4202 3068 4255 den
3105 4202 3280 4269 Papa,

632 4310 692 4347 er
739 4294 817 4347 sei
868 4292 1183 4362 beauflrayt
1231 4291 1346 4357 auf
1382 4293 1500 4345 dem
1549 4292 1710 4361 che
1756 4308 1878 4345 zum
1913 4289 2120 4345 Kaisa·
2171 4307 2270 4360 pro
2318 4306 2457 4360 pace
2507 4289 2820 4361 Unger-iae,
2869 4308 3028 4345 menn
3083 4308 3140 4345 es
3183 4287 3280 4345 sich

632 4383 860 4436 macheu
897 4378 1055 4450 Ζὶςβε,
1090 4387 1267 4436 zuerst
1303 4383 1421 4435 dem
1460 4381 1665 4449 Papste
1711 4382 1858 4435 scine
1893 4379 2208 4445 Ehrfurcht
2252 4397 2323 4434 zu
2358 4379 2603 4450 bezeiyen
2637 4380 2760 4435 und
2804 4379 3098 4433 den-selben
3131 4394 3280 4433 ansu-

631 4473 805 4539 flehen
838 4471 956 4526 sich
993 4471 1246 4540 Unyarns
1272 4472 1406 4524 Heil
1432 4472 1726 4539 anyelcyen
1751 4470 1871 4524 sein
1895 4487 1966 4523 zu
1994 4471 2200 4536 lassem-
2234 4486 2303 4524 zu
2331 4469 2567 4523 mihera·
2593 4469 2957 4537 Mitthdlunq
2987 4468 3280 4537 heylaubiqt

632 4578 692 4614 er
728 4560 1038 4615 Francesco
1073 4561 1419 4628 Mau-supini.
1492 4560 1753 4626 Florem,
1793 4558 1958 4614 Oarte
1995 4558 2316 4613 Cerviniane
2363 4558 2520 4613 Filza
2555 4561 2626 4613 36
2662 4577 2743 4613 nr.
2782 4558 2851 4612 65
2893 4557 3049 4628 Θήρ.
3134 4550 3338 4612 Unww
3449 4546 3450 4605 ῗ

633 4650 807 4702 ciuem
832 4648 1203 4703 ebendaselbst
1238 4666 1319 4702 nr.
1349 4649 1419 4703 48
1457 4647 1817 4715 befindlichen
1853 4646 2220 4702 Summarium
2258 4648 2433 4703 dieser
2459 4647 2885 4718 Beqlaubiqunq
2920 4648 3000 4702 ist
3035 4645 3278 4702 emb

636 4736 708 4789 Al
745 4737 1038 4790 medesimo
1076 4736 1466 4807 [Mar-supini]
1501 4737 1834 4791 credentiale
1871 4737 1960 4791 nel
1995 4736 2360 4793 Brundusino.
