3500 5300
1013 327 1112 384 No.
1152 331 1494 385 12*—13*:
1536 332 1672 386 1538
1708 331 1854 385 Marz
1894 333 2135 387 12.—23.
2792 329 2900 390 445

248 529 465 602 temuS,
510 523 689 588 brevi
733 523 888 588 nihil
934 526 1213 590 manebit
1260 527 1325 589 in
1370 526 1613 613 reliquo
1660 550 1778 591 nec
1825 529 1941 592 erit
1989 527 2154 592 unde
2201 549 2269 592 se
2317 537 2671 593 sustentare
2717 539 2900 614 pote—
2973 534 3114 586 1538

248 638 408 711 runt,
453 631 983 716 quemadmodum
1030 632 1111 697 de
1159 633 1537 719 quibusdam
1583 634 1944 719 singulatim
1990 658 2104 721 per
2135 635 2458 700 dominum
2504 635 2901 700 administra·
2921 606 3058 660 Mn·
3096 608 3165 658 12

248 747 444 802 torem
492 737 875 823 Pragensem
909 742 1139 826 exponi
1187 739 1472 806 fecimus
1563 765 1708 806 cum
1756 751 1969 807 autem
2015 764 2141 805 non
2187 742 2457 808 libenter
2488 743 2755 808 velimus
2786 766 2901 807 nos

249 868 389 910 cum
435 846 699 930 alicujus
746 845 1133 912 offendiculo
1179 857 1290 913 aut
1334 848 1673 934 prejuditio
1720 850 2136 913 intromittere
2197 859 2261 913 et
2318 849 2400 913 ad
2459 849 2582 914 hoc
2628 850 2902 935 aliquam

199 953 509 1038 5prebere
555 975 806 1033 ansam,
867 954 1036 1040 quod
1085 977 1335 1041 quoque
1381 954 1765 1021 defectionis
1825 955 2090 1041 alicujus
2145 956 2227 1021 ab
2274 957 2543 1022 ccclesia
2590 957 2904 1023 catholica

249 1068 311 1124 et
353 1059 433 1124 de
464 1060 852 1126 invertendis
885 1063 1335 1128 ecclesiasticis
1368 1064 1871 1128 immunitatibus
1913 1063 2288 1129 deberemus
2320 1066 2496 1148 argui
2529 1072 2594 1128 et
2637 1064 2903 1142 traduci,

247 1169 518 1253 petimus
563 1167 923 1234 Paternitas
970 1167 1214 1235 Vestra
1260 1170 1415 1235 velit
1460 1170 1642 1235 nobis
1685 1193 1826 1235 eam
1870 1171 2240 1235 facultatem
2270 1170 2619 1236 concedere
2666 1180 2737 1235 ut
2781 1173 2904 1235 sci-

246 1273 395 1339 licet
439 1274 678 1361 absque
725 1277 897 1340 omni
944 1277 1242 1363 scrupulo
1301 1300 1518 1343 omnes
1583 1288 1648 1342 et
1706 1278 1990 1363 singulos
2050 1278 2328 1364 prelatos
2383 1287 2449 1343 et
2493 1300 2903 1363 quoscunque

249 1404 455 1446 rerum
514 1382 1087 1448 ecclesiasticarum
1135 1384 1673 1450 administratores
1690 1434 1706 1465 ,
1766 1387 2072 1471 imprimis
2131 1394 2344 1450 autem
2402 1394 2767 1471 suspectos,
2837 1387 2904 1448 in

164 1496 229 1550 10
249 1488 482 1554 ducatu
530 1500 595 1555 et
639 1492 973 1576 provincia
1027 1501 1241 1556 nost-ra
1294 1494 1610 1579 possimus
1659 1515 1774 1578 per
1818 1492 2010 1557 alium
2057 1492 2140 1557 ad
2186 1493 2306 1557 hoc
2353 1491 2650 1557 idoneum
2697 1502 2762 1556 et
2809 1493 2905 1556 vi-

245 1598 455 1661 cinum
499 1597 812 1682 prelatum
858 1598 1072 1664 facere
1104 1600 1368 1680 visitari,
1400 1608 1464 1663 et
1510 1598 1592 1664 ad
1623 1599 2090 1665 observantiam
2124 1622 2277 1665 suae
2323 1600 2595 1685 regulae,
2639 1600 2904 1663 rationis

244 1701 681 1784 redditionem,
728 1727 945 1769 curam
986 1704 1398 1771 domest-icam
1430 1705 1899 1772 reformandam
1931 1715 1994 1771 et
2040 1706 2280 1793 aliquid
2325 1707 2556 1793 peculii
2605 1706 2747 1770 1000
2793 1704 2905 1770 de-

244 1809 606 1896 ponendum
652 1823 977 1897 cogantur,
1037 1812 1251 1899 illique
1297 1815 1403 1899 qui
1459 1815 1723 1878 nimium
1769 1822 2150 1900 nepotantur
2195 1821 2259 1878 et
2303 1812 2385 1878 ad
2431 1835 2617 1879 unam
2665 1812 2768 1877 vel
2814 1813 2904 1877 al-

244 1927 443 1982 teram
489 1917 983 1985 admonitionem
1032 1943 1155 1985 non
1186 1923 1587 2007 resipiscunt,
1634 1920 2033 2008 deponantur
2078 1930 2142 1985 et
2188 1944 2302 2007 per
2333 1943 2442 1984 eos
2489 1919 2570 1985 ad
2617 1942 2776 2005 quos
2823 1919 2902 1984 de

154 2031 226 2085 15
242 2027 378 2111 jure
426 2026 532 2090 vel
577 2027 1035 2092 consuetudine
1080 2030 1357 2113 pertinet
1402 2028 1660 2107 electio,
1718 2029 1825 2093 alii
1873 2029 2216 2112 eligantur,
2262 2051 2388 2113 quo
2433 2027 2602 2092 bona
2646 2027 2754 2092 illa
2801 2051 2905 2092 ec-

248 2132 604 2200 clesiastica
653 2135 717 2198 in
772 2157 848 2198 eo
895 2143 1066 2199 statu
1111 2134 1431 2200 adservari
1494 2136 1783 2214 valeant,
1853 2144 1921 2199 ut
1987 2145 2294 2221 perpetuo
2365 2134 2510 2199 inde
2580 2135 2703 2200 hoc
2770 2134 2899 2198 fieri

245 2243 449 2326 possit
494 2240 575 2305 ad
617 2241 787 2326 quod
835 2251 981 2306 sunt
1027 2241 1360 2308 destinata.
1424 2266 1544 2308 nec
1576 2241 1941 2308 dubitamus
1978 2244 2130 2327 quin
2177 2244 2242 2307 10
2288 2242 2409 2307 hoc
2454 2264 2700 2306 summo
2746 2265 2905 2328 pon-

246 2349 394 2412 tifici
446 2370 575 2411 rem
624 2347 873 2413 facietis
919 2358 1194 2434 gratam,
1251 2349 1333 2414 ad
1379 2373 1568 2435 quem
1614 2372 1899 2435 quoque,
1959 2354 2012 2414 si
2060 2348 2313 2435 quando
2361 2349 2623 2435 alicujus
2678 2350 2903 2435 prelati

244 2453 559 2540 depositio
590 2457 942 2539 contigerit,
988 2455 1365 2534 referemus3
1414 2465 1479 2520 et
1523 2479 1650 2521 non
1684 2457 1888 2521 solum
1935 2479 2070 2536 noe,
2117 2454 2228 2521 sed
2277 2465 2344 2520 et
2388 2479 2606 2520 omnes
2654 2458 2720 2520 in
2751 2478 2902 2520 vera

151 2561 546 2646 20religione
604 2573 969 2627 constantes
1026 2562 1107 2628 ad
1169 2563 1703 2650 perseverandum
1749 2564 2203 2629 invitabuntur.
2291 2572 2573 2628 ceterum
2633 2561 2904 2627 addubi-

246 2679 452 2736 tamus
499 2670 786 2735 nonnihil
832 2694 913 2735 an
958 2694 1072 2757 spe
1119 2671 1226 2736 illa
1272 2695 1461 2758 quam
1509 2694 1709 2758 nuper
1754 2672 1938 2737 nobis
1986 2673 2314 2737 excitastis
2362 2671 2443 2736 de
2492 2670 2704 2737 futuro
2752 2694 2904 2735 con-

246 2778 424 2856 cilio,
484 2777 949 2843 frustrabimur.
1042 2788 1108 2844 et
1151 2778 1609 2843 Paternitatem
1656 2777 1962 2844 Vestram
2009 2778 2174 2843 belle
2221 2779 2433 2844 valere
2481 2788 2542 2842 et
2591 2778 2670 2843 de
2717 2778 2901 2843 nobis

245 2883 327 2949 ad
374 2884 855 2969 gratificandum
903 2885 1109 2950 eidem
1154 2909 1521 2972 persuasam
1567 2887 1875 2972 cupimus.

424 3008 529 3075 Ex
572 3009 868 3075 Dresden
919 3020 996 3077 12
1047 3012 1263 3077 marcii
1312 3034 1350 3075 a
1396 3008 1651 3076 Christo
1698 3022 1848 3076 nato
1902 3020 2088 3079 1538.
2922 3017 3061 3070 Mrz.
3100 3021 3169 3070 12

146 3138 341 3236 255„
386 3154 578 3236 verso]
626 3152 1072 3237 ReverendiSS.
1117 3156 1182 3218 in
1231 3153 1487 3218 Christo
1532 3157 1697 3240 patri
1970 3152 2285 3237 Georgius
2332 3152 2434 3218 dei
2479 3156 2682 3237 gratia
2729 3152 2858 3216 dux

380 3258 636 3323 domino
681 3259 913 3324 Joanni
960 3260 1232 3326 Morono
1280 3264 1582 3348 episcopo
2225 3259 2538 3325 Saxoniae

312 3366 660 3431 Mutinensi
721 3370 983 3433 nunctio
1043 3369 1395 3454 apostolico
1457 3371 1660 3434 amico
1909 3367 2380 3451 Laudtgravius
2427 3366 2792 3452 Thuryngie
2841 3377 2902 3430 et

689 3483 904 3538 nostro
950 3475 1270 3559 singulari.
2093 3474 2372 3540 marchio
2419 3474 2689 3538 Misnae.

245 3707 332 3774 13
350 3711 409 3773 *.
501 3708 764 3771 Morene
821 3728 911 3771 cm
956 3706 1201 3789 Herzoq
1265 3707 1466 3790 Geory
1524 3728 1643 3772 von
1687 3706 1999 3774 Saclesen:
2066 3709 2356 3772 Antworc
2423 3708 2554 3789 auf
2594 3728 2689 3770 nr.
2739 3710 3223 3783 12*‚·1·.M2·2.23

142 3817 222 3872 30
242 3815 415 3880 bittet
458 3814 589 3877 ihm
647 3815 797 3879 ,ποθὶ
857 3815 951 3879 bis
998 3815 1132 3878 drei
1174 3816 1478 3896 qeeiynete
1523 3814 1838 3879 P-rctlaten
1883 3837 1964 3879 zu
2008 3836 2272 3891 neuneu,
2335 3836 2458 3879 aus
2504 3814 2693 3877 deren
2742 3812 2905 3876 Zahl

241 3923 444 3986 ciuem
488 3943 558 3986 er
604 3922 705 3985 (1ίο
748 3942 883 3985 vom
916 3922 1156 4004 Herzoy
1198 3922 1577 4005 yewiinschte
1612 3922 1947 3987 Vollmacht
1976 3920 2375 3986 hinsdclztlich
2407 3921 2517 3985 der
2564 3920 2903 3984 Visitation

242 4029 557 4093 verleihen
616 4029 772 4105 wilh·
832 4029 944 4091 hat
1003 4030 1297 4111 iibriyens
1356 4030 1454 4094 die
1500 4029 1985 4112 Anyeleyenheit
2043 4030 2180 4093 dem
2235 4030 2463 4108 Papstc
2523 4026 2900 4110 mityetlecilt.

242 4136 561 4202 Letaeterer
620 4136 753 4199 lecilt
808 4157 896 4199 an
956 4137 1066 4201 (1ον
1110 4138 1371 4201 Absicht
1427 4138 1548 4219 fest
1608 4142 1766 4201 trote
1826 4137 2031 4201 seium·
2080 4136 2264 4200 Reise
2321 4134 2484 4199 nach
2541 4134 2738 4198 Nizza
2788 4134 2906 4197 das

247 4243 471 4308 Concil
515 4242 871 4324 rechtzeitiy
940 4244 1218 4323 ero‘ffnen
1262 4266 1345 4309 zu
1414 4244 1639 4321 lass-en,
1705 4265 1789 4308 zu
1855 4244 1986 4307 dem
2048 4243 2209 4307 auch
2271 4243 2381 4305 der
2429 4242 2672 4323 Herzog)
2731 4241 2904 4304 scine

139 4349 219 4404 35
258 4349 571 4415 Vertreter
614 4372 677 4413 u.
724 4373 770 4413 3.
820 4372 891 4413 w.
940 4355 1152 4414 rz'isten
1196 4356 1381 4432 moye.
1472 4352 1673 4435 [1538
1718 4373 1770 4412 r.
1819 4351 2014 4414 Mc‘z'rz
2058 4353 2147 4415 :23
2197 4350 2435 4434 Pra9.]

395 4476 514 4528 Aac
550 4474 777 4543 Neapcl,
824 4476 921 4529 Gr.
963 4477 1223 4530 Archivio
1261 4475 1425 4530 Carte
1463 4474 1795 4529 Parnesiane
1833 4474 1992 4529 Fasc.
2034 4476 2138 4530 755
2178 4474 2303 4543 Cop.
2343 4491 2512 4529 coactu

428 4601 718 4685 Cognovi
766 4624 880 4685 per
926 4602 1138 4664 literas
1186 4600 1364 4663 lll¹¹¹⁸⁰
1419 4600 1889 4664 Dominationis
1937 4599 2215 4666 Vestrae
2263 4600 2596 4663 honestum
2656 4623 2730 4662 ac
2781 4598 2905 4661 fer-

245 4731 403 4771 vens
450 4706 835 4771 desiderium
896 4731 1080 4771 suum
1142 4731 1215 4771 ac
1274 4707 1551 4794 prudens
1611 4707 1941 4771 consilium
2005 4730 2119 4794 pro
2166 4707 2615 4770 reformatione
2660 4706 2904 4794 praela-
