3500 5300
510 357 583 419 ‘28
1434 359 1533 415 No.
1564 361 1627 415 9:
1669 360 1807 415 1536
1843 358 2128 413 December
2167 359 2248 414 17.

257 557 439 682 D153⁶
689 557 878 625 Circa
923 556 970 623 il
1002 555 1266 624 concilio
1312 555 1435 643 egli
1483 558 1611 622 tien
1657 579 1773 644 per
1801 556 2001 622 fermo
2047 578 2216 622 esser
2246 556 2615 638 necessarie,
2662 555 2852 621 etiam
2899 554 3015 620 che
3046 576 3178 619 non

313 645 387 683 ⁶⁶⁶
425 632 493 683 ²⁷
512 667 738 753 segniti
784 666 1077 732 accordio
1122 664 1355 730 alcuno
1400 672 1501 729 tra
1545 663 1609 729 la
1653 663 1903 729 Maesta
1947 662 2221 729 Cesarea
2270 671 2336 728 et
2380 661 2423 727 il
2471 685 2539 727 re
2585 661 2889 745 Christano,
2950 660 3070 728 che
3114 660 3178 725 la

511 773 760 839 Santita
802 772 1039 839 Vestra
1098 771 1158 837 lo
1204 771 1429 838 riduca
1472 771 1557 836 ad
1601 771 1848 855 effetto,
1910 770 2288 837 adducendo
2344 769 2460 835 che
2505 771 2762 858 quando
2825 791 3178 836 cessassem

706 920 951 927 *--——

510 1006 745 1061 concilio
781 1005 1207 1076 praeparatoria.
1282 1004 1449 1060 Diese
1486 1004 1776 1073 Antwort,
1825 1005 2019 1060 welche
2057 1003 2171 1069 auf
2198 1004 2307 1059 den
2341 1003 2602 1060 Nuntius
2637 1002 2953 1059 wiederholt
2989 1003 3180 1071 Beata

508 1096 705 1149 nimmt
733 1095 858 1164 (vyl.
887 1095 980 1149 die
1007 1094 1380 1163 Εἰηῑείέιιπρ),
1417 1093 1776 1148 ᾱὸετϋναοὴέε
1805 1094 2039 1149 Morene
2067 1093 2187 1147 und
2227 1094 2500 1164 beylet‘tete
2535 1094 2612 1148 sie
2648 1092 2764 1158 auf
2786 1092 2993 1147 Grund
3028 1093 3236 1148 einer5

511 1215 578 1223 —
624 1186 780 1238 nicht
826 1183 1207 1253 vorlieqendeu
1260 1213 1325 1221 -
1377 1182 1736 1238 Instruktion
1783 1183 2092 1238 Aleauders
2145 1184 2244 1237 mit
2298 1183 2653 1238 mundliehen
2701 1182 3180 1251 Eriduterunqeu.

510 1273 623 1327 Die
658 1274 722 1327 in
757 1289 1005 1328 wnserem
1030 1272 1200 1327 Stuck
1234 1273 1510 1327 erwtilmte
1549 1272 1976 1327 Wideromtwort
2002 1273 2224 1327 Fabri’s
2260 1290 2339 1327 an
2372 1272 2484 1327 deu
2523 1271 2700 1342 Papst
2737 1271 2904 1338 fehlt5
2941 1271 3184 1339 daqeyen

511 1364 639 1432 lieyt
674 1363 793 1418 eine
829 1362 1207 1428 aussuhrliehe
1244 1379 1321 1415 an
1357 1362 1589 1415 Morene
1621 1362 1913 1430 yerichtete
1949 1361 2301 1432 Ero'rterimy
2339 1361 2560 1416 Fabri's
2593 1377 2722 1428 vor,
2773 1360 2863 1415 die
2909 1360 3184 1414 ndmliehe

508 1452 699 1507 welche
746 1468 914 1506 unser
950 1451 1205 1506 Nuntius
1253 1468 1343 1504 am
1390 1451 1553 1505 Ende
1598 1450 1769 1506 dieses
1805 1450 2031 1506 Stuckes
2078 1450 2355 1517 erwcihut3
2403 1451 2483 1505 sie
2526 1451 2600 1504 ist
2637 1449 3056 1518 unvollstcindiq
3091 1464 3182 1519 ye-

509 1541 708 1596 druckt
742 1559 849 1597 von
884 1539 1220 1611 Rayualdus
1258 1542 1402 1593 1536
1435 1538 1475 1610 5
1511 1543 1597 1594 39.
1638 1570 1705 1578 —-
1743 1540 2026 1610 Beilc‘iufiy
2061 1542 2140 1594 sei
2176 1540 2419 1595 erwcihnt
2456 1535 2576 1608 dqfl
2615 1538 2704 1594 die
2741 1538 3184 1608 Praeparatoria
3208 1545 3278 1597 10

510 1629 687 1685 durch
723 1630 829 1685 den
869 1629 1146 1685 Cardinal
1179 1646 1284 1683 von
1324 1629 1514 1683 Trient
1552 1647 1643 1682 am
1680 1632 1715 1682 6
1751 1629 1876 1682 Juli
1924 1629 2045 1683 dem
2083 1628 2288 1697 Papste
2338 1627 2663 1699 einqesandt
2709 1628 2971 1682 wurden:
3016 1626 3186 1683 Licet

508 1720 661 1789 mihi,
698 1719 906 1775 schrieb
946 1718 1043 1773 der
1081 1719 1371 1785 Cardinal,
1409 1717 1695 1772 indubium
1733 1719 1809 1772 sit
1845 1718 2141 1773 Sanctitati
2179 1718 2413 1773 Vestrae
2458 1735 2567 1771 non
2622 1717 2816 1772 deesse
2854 1718 2949 1788 qui
3006 1717 3186 1772 indies

510 1809 731 1864 concilii
766 1809 943 1863 futuri
980 1808 1267 1862 materiam
1303 1808 1581 1862 ruminent
1629 1825 1697 1863 ac
1747 1807 2019 1862 salutares
2065 1807 2348 1862 discursus
2397 1813 2741 1877 proponant,
2793 1807 2942 1861 nolui
2993 1814 3184 1861 tamen

510 1916 610 1969 pro
659 1914 781 1952 mea
828 1899 883 1951 in
922 1897 1287 1952 Sanctitatem
1324 1897 1583 1952 Vestram
1630 1903 1688 1951 et
1735 1904 2146 1951 sacrosanctam
2196 1897 2380 1951 sedem
2415 1897 2778 1966 apostolicam
2829 1896 3186 1951 observant-ia

507 1988 761 2043 omittere
812 1987 944 2057 quin
1008 1986 1239 2057 alligata
1288 1986 1533 2057 episcopi
1584 1986 1912 2041 Viennensis
1961 1986 2389 2056 Praeparatoria
2434 1985 2506 2039 ad
2556 1986 2800 2056 ejusdem
2851 1984 3184 2040 Sanctitatis
3209 1991 3280 2044 15
3369 1964 3380 1971 ’

512 2076 744 2132 Vestrae
782 2093 974 2130 manus
1011 2075 1333 2146 dirigerem,
1381 2092 1551 2145 quum
1597 2090 1663 2129 ex
1700 2076 1809 2129 illis
1847 2075 1979 2145 quid
2017 2073 2373 2143 Germaniae,
2425 2075 2583 2145 cujus
2629 2075 2992 2129 necessitates
3026 2082 3182 2129 ante-

511 2166 660 2220 dicto
697 2165 956 2236 episcopo
992 2165 1197 2235 optime
1236 2171 1398 2218 notae
1437 2171 1583 2232 sunt,
1620 2165 1676 2217 in
1713 2164 1880 2234 hujus
1918 2163 2135 2218 concilii
2175 2162 2543 2219 celebratione
2590 2163 2943 2234 profuturum
2979 2165 3186 2234 quidve

510 2254 831 2310 obfuturum
872 2255 975 2315 sit,
1023 2253 1186 2308 facile
1225 2270 1556 2324 cognoscere
1594 2253 1799 2317 valeat;
1851 2253 2024 2324 igitur
2059 2269 2124 2308 ex
2161 2252 2588 2324 prudentissimo
2625 2254 2856 2308 consilio
2893 2271 2992 2307 suo
3030 2253 3086 2306 id
3127 2254 3182 2307 in

512 2344 598 2398 his
645 2343 919 2414 agendum
970 2359 1088 2397 esse
1140 2343 1398 2398 decernet
1449 2342 1728 2397 Sanctitas
1767 2342 1968 2398 Vestra
2022 2343 2170 2414 quod
2219 2341 2558 2413 reipublicae
2620 2341 2896 2397 laboranti
2944 2343 3183 2397 maximo

512 2434 828 2503 adjumento
883 2449 1003 2487 esse
1051 2434 1271 2502 poterit.
1345 2432 1513 2499 Rom,
1562 2432 1707 2486 Bibl.
1757 2433 1873 2486 Vat.
1925 2432 2057 2487 Cod.
2117 2431 2242 2487 Vat.
2282 2433 2422 2486 3915
2474 2432 2566 2487 fol.
2610 2433 2783 2487 118⁸b
2832 2450 2946 2502 cop.
2998 2439 3283 2491 coaeum

513 2522 630 2577 Der
668 2522 840 2591 Papst
879 2522 1143 2575 bedankte
1178 2522 1297 2575 sich
1332 2539 1422 2574 αηι
1459 2525 1526 2574 10
1560 2520 1866 2591 September
1903 2522 1986 2576 bei
2022 2521 2145 2576 dem
2183 2520 2460 2576 cardinal
2494 2522 2593 2586 fur
2629 2522 2719 2577 die
2753 2521 3044 2592 Sentium,
3095 2524 3181 2576 iu-

515 2611 635 2667 dem
684 2627 741 2665 er
789 2610 1141 2682 hinzufuyte:
1196 2609 1402 2666 Verum
1454 2627 1579 2666 cum
1630 2612 1684 2665 in
1742 2611 2054 2682 hujusmodi
2105 2610 2540 2683 praeparatoriis
2597 2611 2861 2667 nonnulla
2907 2610 3184 2682 (anfanqs

514 2699 712 2770 multa)
751 2701 862 2755 sint
900 2717 1041 2772 quae
1078 2719 1203 2756 cum
1244 2701 1363 2771 ipso
1400 2700 1553 2770 prius
1591 2701 1923 2755 conferenda
1960 2708 2018 2755 et
2053 2702 2219 2755 latius
2247 2701 2573 2772 explicanda
2597 2700 2906 2772 videantur,
2942 2703 3062 2772 ejus
3099 2702 3181 2755 rei

514 2808 703 2846 curam
757 2790 958 2845 nuncio
995 2797 1202 2856 nostr-0,
1258 2807 1418 2861 quem
1475 2790 1792 2860 propediem
1840 2790 1908 2844 ad
1961 2789 2173 2845 Sei-mm
2221 2790 2592 2846 Romanorum
2641 2806 2826 2862 regem
2879 2792 3180 2861 mittemus,

513 2878 995 2946 demandabimus,
1056 2880 1515 2950 quemadmodum
1563 2880 1668 2950 ipsi
1722 2881 1983 2950 episeopo
2037 2879 2335 2934 Viennensi
2392 2895 2489 2951 per
2554 2880 2813 2951 alligatas
2867 2881 3180 2936 scribimus.
3200 2886 3278 2941 25

515 2971 672 3038 Rom,
712 2971 874 3025 Arch.
921 2971 1041 3024 Vat.
1080 2969 1233 3023 Arm.
1271 2970 1335 3023 41
1381 2969 1501 3024 vol.
1541 2971 1575 3022 3
1611 2969 1703 3023 fol.
1742 2970 1811 3023 83
1850 2987 1929 3022 nr.
1959 2971 2029 3024 90
2067 2970 2242 3037 Mirm
2295 2970 2568 3025 darunter
2619 2970 2893 3025 ordinavit
2950 2978 3007 3025 et
3043 2970 3182 3024 vidit

514 3060 764 3114 dominus
814 3058 1212 3113 Brundusinus.
1300 3058 1537 3112 Ebenda
1582 3057 1675 3112 fol.
1724 3060 1793 3112 72
1840 3076 1921 3112 nr.
1972 3059 2038 3113 77
2085 3059 2188 3113 mit
2232 3059 2493 3128 yleichem
2547 3059 2795 3114 Vermerk
2843 3059 2936 3113 die
2978 3060 3181 3129 qleieh-

512 3150 708 3218 zeitiqe
762 3148 1184 3216 entsprechende
1237 3147 1495 3202 Antwort
1550 3165 1627 3201 an
1683 3148 1876 3201 Fabri.
1967 3148 2135 3202 Diese
2200 3147 2393 3203 beiden
2445 3149 2660 3203 Brevem
2715 3146 3022 3213 berbi-derce
3077 3148 3181 3202 der

513 3235 1033 3306 austerordentliche
1061 3237 1316 3291 Nuntius
1344 3254 1457 3290 ran
1477 3237 1574 3289 der
1603 3236 1794 3303 Vorst,·
1829 3237 1926 3290 der
1958 3235 2230 3291 Cardinal
2256 3238 2608 3307 bescheiniyte
2637 3236 2689 3291 d.
2721 3237 2773 3291 d.
2804 3236 3056 3292 Tridenti
3092 3238 3183 3292 die

517 3329 585 3382 16
613 3325 855 3382 octobris
888 3328 1023 3381 1536
1052 3326 1159 3380 den
1180 3325 1465 3395 Empsauy
1503 3327 1676 3379 seines
1694 3327 1874 3380 Breve
1894 3326 2069 3381 durch
2089 3326 2198 3380 den
2216 3327 2565 3394 Genannten,
2600 3327 2788 3381 ividem
2814 3343 2874 3382 er
2900 3326 3180 3394 bemerkte,
3198 3332 3278 3387 30

516 3417 697 3470 Fabri
730 3416 853 3470 und
891 3416 981 3470 die
1018 3416 1249 3485 ubriyen
1283 3416 1338 3469 in
1377 3415 1537 3469 vinea
1571 3415 1776 3469 domini
1812 3415 2031 3470 assidue
2069 3414 2382 3470 laborantes
2417 3417 2566 3470 scien
2611 3432 2664 3471 es
2699 3417 2868 3470 worth
2902 3433 3021 3471 vom
3055 3416 3180 3471 keil.

515 3505 678 3559 Stuhz
730 3506 1037 3574 beyunstiyt
1093 3505 1214 3558 und
1264 3504 1544 3574 yelb‘rdert
1597 3521 1668 3558 zu
1720 3505 1952 3558 werden.
2056 3504 2198 3559 Rom
2209 3545 2226 3573 ,
2282 3506 2427 3559 Bibl.
2488 3506 2606 3559 Vat.
2660 3505 2794 3560 cod.
2852 3505 2982 3560 Vat.
3039 3506 3183 3560 3915

514 3595 609 3650 fol.
650 3594 1005 3648 neb—119⁸
1056 3611 1172 3662 cop.
1212 3610 1384 3648 coaev.
1459 3593 1642 3647 Fabri
1689 3599 2006 3648 antwortete
2056 3611 2146 3648 am
2181 3597 2262 3649 20
2297 3592 2624 3660 November,
2671 3609 2732 3647 er
2767 3594 2909 3648 habe
2944 3595 3063 3649 sich
3097 3595 3182 3650 be-

515 3685 669 3739 muht
708 3683 827 3736 dem
873 3671 1236 3752 Uberbriuyer
1273 3682 1365 3737 des
1401 3682 1608 3750 Breve,
1667 3681 1947 3750 Vorstius,
1998 3683 2319 3754 cathalogos
2355 3683 2689 3737 diversorum
2737 3693 2796 3738 et
2830 3691 3089 3738 autorum
3127 3691 3184 3738 et

516 3773 781 3828 librorum
835 3789 906 3826 zu
959 3772 1294 3838 verschaffen
1346 3772 1441 3842 qui
1508 3772 1579 3826 ad
1635 3773 2108 3843 praeparationem
2164 3773 2359 3827 saltem
2415 3773 2656 3844 aliquam
2711 3771 2830 3827 fore
2884 3774 3181 3828 necessarii
3201 3780 3275 3834 35

517 3863 798 3928 videntum
837 3861 930 3915 sed
968 3861 1141 3916 altero
1177 3862 1247 3916 ad
1284 3880 1381 3916 nos
1419 3863 1669 3916 veniente
1708 3860 2033 3916 Sanctitatis
2061 3861 2293 3916 Vestrae
2328 3869 2386 3916 et
2422 3862 2567 3917 sedis
2604 3863 2943 3931 apostolicae
2980 3863 3184 3917 nuncio

519 3952 752 4007 clariora
799 3957 855 4004 et
905 3951 1078 4004 multo
1126 3951 1287 4020 plura
1335 3952 1565 4004 daturus
1612 3969 1768 4017 sum,
1818 3950 2038 4021 quando
2086 3951 2167 4005 ita
2213 3968 2243 4004 e
2281 3952 2502 4022 scriptis
2540 3951 2910 4006 Beatitudinis
2949 3951 3184 4007 Vestrae

518 4041 830 4095 faciendum
867 4040 1215 4110 deprehendi.
1288 4048 1345 4093 et
1394 4041 1451 4093 in
1497 4057 1711 4094 summa
1757 4041 1894 4094 nihil
1930 4048 2044 4095 tam
2080 4040 2343 4108 arduum,
2389 4041 2525 4095 nihil
2561 4049 2677 4096 tam
2713 4040 2942 4096 difficile
2979 4042 3185 4112 poterit

519 4131 625 4185 bac
676 4130 732 4183 in
782 4147 840 4183 re
890 4137 1083 4184 sancta
1120 4136 1175 4183 et
1212 4147 1310 4199 per
1360 4131 1543 4183 omnia
1579 4130 1889 4184 necessaria
1937 4130 2068 4183 mihi
2115 4130 2441 4184 demandare
2480 4129 2757 4185 Sanctitas
2794 4131 3000 4185 Vestra
3036 4132 3184 4203 quod

520 4237 629 4274 non
678 4219 778 4273 sim
825 4220 1172 4289 paratissimo
1221 4219 1401 4272 animo
1452 4218 1750 4272 subiturae.
1826 4236 2002 4289 neque
2052 4218 2246 4274 dubito
2284 4219 2563 4275 Sanctitas
2599 4219 2803 4275 Vestra
2838 4221 2913 4274 sit
2949 4227 3277 4293 pauper-40

520 4310 654 4364 tatis
692 4326 842 4362 meae
882 4337 947 4347 -—
989 4308 1042 4361 id
1093 4309 1239 4379 quod
1289 4310 1403 4362 sine
1454 4327 1552 4362 suo
1601 4309 1800 4362 damno
1849 4317 1904 4363 et
1957 4310 2298 4363 incommodo
2337 4309 2518 4365 facere
2555 4317 2739 4380 potest
2777 4340 2842 4350 -—
2882 4311 3184 4382 aliquando

520 4415 760 4468 memor3
811 4406 980 4453 testes
1044 4399 1454 4468 locupletissimi
1506 4407 1633 4453 sunt
1689 4399 1846 4452 multi
1907 4399 2054 4469 apud
2106 4398 2466 4454 Sanctitatem
2516 4399 2772 4454 Vestram
2829 4409 2886 4454 et
2943 4402 2998 4454 in
3047 4401 3185 4455 urbe

521 4489 770 4542 Romana
797 4488 981 4542 nuncii
1010 4489 1318 4557 apostolici,
1356 4489 1521 4542 etiam
1550 4488 1616 4541 de
1646 4489 1818 4542 latere
1847 4489 2086 4558 priorum
2116 4487 2442 4558 pontificum
2472 4489 2714 4543 nonnulli
2743 4489 2935 4560 legati,
2972 4501 3186 4561 quanta

520 4577 839 4649 integritate
887 4585 944 4632 et
987 4576 1095 4631 fide
1144 4578 1199 4631 in
1248 4578 1389 4631 hanc
1438 4578 1626 4631 horam
1676 4586 1732 4631 et
1782 4595 1880 4647 per
1928 4579 2129 4632 multos
2180 4596 2351 4632 annos
2397 4579 2767 4633 inserviverim
2805 4578 3088 4635 Romanae
3125 4588 3184 4636 et

520 4668 813 4723 universali
849 4668 1114 4722 ecclesiae
1152 4674 1208 4721 et
1244 4685 1353 4721 non
1390 4667 1556 4721 semel
1593 4684 1719 4721 cum
1757 4667 2002 4738 periculo
2038 4668 2199 4722 vitae.
2253 4669 2347 4723 det
2383 4668 2536 4723 Deus
2572 4676 2636 4724 ut
2670 4669 2811 4724 baec
2848 4671 2979 4724 olim
3019 4700 3086 4709 —
3125 4670 3273 4726 id45

520 4758 666 4830 quod
703 4756 949 4811 futurum
989 4774 1147 4826 spero
1188 4787 1253 4794 —-
1294 4755 1553 4810 Mantuae
1590 4758 1709 4827 ipse
1746 4767 1801 4811 et
1839 4775 2022 4812 coram
2051 4756 2345 4813 Sanctitati
2375 4758 2604 4814 Vestrae
2642 4775 2898 4814 enarrare
2935 4762 3181 4832 possim!
