3500 5300
653 373 764 443 4⁹0
1410 380 1510 436 No.
1549 379 1861 436 194—1952
1899 379 2040 436 1535
2076 377 2291 448 August
2331 376 2572 433 15.—24.

460 580 601 631 1535
653 584 788 642 tata
833 576 1000 643 delle
1056 599 1251 664 opere
1309 574 1378 640 di
1423 574 1555 640 Sua
1598 574 1869 656 Santita,
1912 576 2424 641 massimamente
2471 575 2537 637 in
2583 572 2907 639 condume
2952 574 2999 639 il
3045 575 3293 639 concilio

383 648 532 717 Am·
570 652 737 748 1⁵ad
784 682 1025 749 effetto.
1116 684 1202 746 mi
1250 682 1671 748 raccomando
1717 682 1843 747 alla
1887 680 1978 750 V.
2025 681 2090 747 S.

386 790 532 861 *1¹⁴9-
569 794 637 845 15
830 790 919 855 Di
963 788 1309 875 Herbipoli
1354 811 1395 854 a
1436 788 1482 852 li
1533 796 1613 856 15
1660 786 1729 852 di
1773 797 1999 874 agosto
2049 799 2217 855 1535
2251 789 2313 870 ¹).

381 1039 529 1109 Aw-
562 1042 637 1096 24
653 1038 810 1106 195.
916 1037 1197 1122 Verqerwio
1240 1059 1329 1102 an
1359 1038 1444 1102 K.
1477 1037 1883 1103 Ferdinand:
1928 1037 2292 1120 Erklae'iruny
2336 1036 2596 1101 was-halb
2640 1058 2707 1101 er
2750 1058 2869 1102 von
2912 1039 3127 1102 seinen
3168 1038 3298 1104 Ver-

651 1145 1048 1228 hamllunqen
1090 1145 1228 1208 und
1265 1144 1558 1226 Erfohen
1602 1145 1805 1209 nichts
1848 1144 2122 1209 schreibt.
2217 1142 2597 1226 Darkqunq,
2642 1144 2771 1226 dass
2816 1145 2916 1208 die
2963 1144 3299 1210 Deutschen
3342 1152 3368 1204 5

648 1273 774 1316 nur
816 1252 947 1333 auf
993 1251 1128 1316 dem
1189 1250 1369 1333 Weye
1427 1252 1595 1315 einer
1640 1249 2144 1332 Spezialmission
2208 1271 2327 1315 zur
2372 1249 2705 1315 Annahme
2771 1251 2877 1314 des
2943 1251 3187 1316 Concils
3242 1252 3303 1316 in

648 1358 879 1423 Italica
940 1357 1224 1441 yebracht
1288 1358 1530 1422 werden
1596 1357 1854 1422 kiinnen.
1946 1356 2270 1440 Hoffnunq
2327 1356 2456 1438 auf
2503 1356 2721 1439 Erfoly
2778 1358 2978 1422 semes
3052 1359 3302 1437 Werkes,

644 1465 855 1530 zumal
919 1486 1098 1530 wenn
1166 1464 1402 1529 Kaisar
1467 1465 1603 1528 und
1668 1463 1883 1548 Kb‘m‘y
1949 1462 2313 1528 mitwirkcn.
2408 1462 2586 1528 Bitte
2653 1486 2762 1528 um
2831 1464 3303 1548 Unterstatzunq

644 1572 844 1636 seines
887 1571 1168 1654 Antraqs
1222 1592 1305 1636 zu
1355 1570 1738 1635 miimllicher
1787 1570 2393 1652 Berichterstattuny
2450 1568 2613 1634 nach
2659 1569 2821 1635 Rom
2879 1592 2963 1637 zu
3021 1572 3302 1638 kommen.

645 1678 880 1764 [1535]
925 1679 1180 1761 Auyust
1222 1680 1311 1744 24
1358 1677 1734 1759 Heidelbery.
3318 1684 3364 1738 10

787 1820 913 1876 Aue
956 1819 1211 1889 Venediy,
1248 1819 1397 1874 Bibl.
1435 1819 1616 1874 Marc.
1655 1818 1750 1875 lat.
1791 1819 1858 1875 cl.
1900 1818 1987 1873 lx
2024 1819 2143 1875 cod.
2185 1819 2254 1874 67
2292 1817 2384 1874 fol.
2424 1821 2640 1876 59—60
2677 1821 2838 1876 Cone.

822 1943 1054 2010 Habeo
1107 1943 1365 2030 quidem
1422 1943 1724 2008 nonnulla
1779 1944 2088 2009 hactenus
2135 1946 2203 2008 in
2248 1947 2516 2009 materia
2560 1945 2817 2010 concilii
2862 1967 3028 2031 quae
3078 1945 3301 2014 Vestra

646 2049 843 2116 Sacra
898 2049 1208 2137 Majestas
1268 2049 1539 2115 libenter
1607 2053 1770 2132 (meo
1837 2049 2099 2136 judicio)
2162 2050 2562 2135 intelligeret.
2665 2073 2742 2116 ea
2808 2060 3024 2117 tamen
3093 2054 3296 2138 putavi

643 2179 813 2222 nunc
844 2157 1097 2223 silentio
1129 2179 1271 2222 esse
1301 2156 1707 2236 involvenda,
1748 2158 1899 2243 quia
1929 2157 2049 2222 hae
2080 2179 2261 2222 meae
2291 2158 2540 2223 litterae
2572 2180 2689 2244 per
2716 2180 2940 2223 manus
2971 2158 3295 2223 multorum

645 2265 1005 2350 principum
1034 2263 1270 2329 debent
1299 2262 1554 2343 deferri,
1600 2285 1729 2328 non
1776 2271 1989 2329 autem
2017 2262 2335 2330 ordinaria
2370 2266 2476 2330 via
2521 2287 2648 2351 qua
2692 2265 2857 2330 solet
2894 2273 3085 2351 posta
3127 2265 3296 2352 profi·
3313 2270 3363 2322 15

646 2372 836 2450 cisci;
895 2380 962 2435 et
1017 2370 1251 2435 nollem
1308 2368 1568 2457 quidem
1628 2393 1744 2456 pro
1806 2370 2141 2436 commodo
2199 2371 2438 2457 publici
2484 2373 2725 2458 negotii
2782 2380 2857 2437 ut
2914 2371 3088 2437 forte
3142 2374 3295 2458 quis—

645 2480 819 2564 piam
878 2479 1178 2564 princeps
1241 2500 1413 2543 meas
1470 2478 1715 2542 litteras
1774 2479 2185 2564 interciperet
2241 2487 2308 2542 et
2352 2500 2422 2543 se
2483 2480 2547 2541 in
2607 2480 2763 2564 ipsis
2810 2478 3200 2565 descriptum
3239 2487 3293 2542 et

645 2583 972 2672 depictum
1027 2586 1361 2650 inveniret.
1453 2585 1518 2649 in
1574 2583 1749 2650 aliud
1813 2606 1962 2669 ergo
2017 2593 2269 2672 tempus
2329 2584 2555 2650 differo
2615 2585 2718 2651 vel
2764 2584 3046 2652 scribere
3094 2609 3167 2651 ea
3205 2583 3293 2649 vel

645 2692 814 2757 forte
860 2714 1077 2757 coram
1120 2691 1379 2757 referre.

823 2799 1014 2864 Nunc
1071 2798 1195 2864 alia
1252 2797 1380 2863 duo
1435 2799 1642 2864 habeo
1701 2820 1865 2885 quae
1922 2821 2183 2886 possum
2240 2808 2379 2864 tuto
2438 2799 2716 2865 scribere
2778 2808 2845 2866 et
2901 2822 3068 2887 quae
3113 2801 3360 2884 Regiam

645 2906 958 2993 Majestas
1007 2905 1251 2974 Vestra
1294 2906 1550 2971 omnino
1596 2903 1794 2971 debet
1836 2905 2210 2992 intelligere.
3450 2892 3451 2901 ἵ

825 3013 1120 3078 Alterum
1187 3011 1549 3099 hujusmodi
1616 3021 1744 3078 est:
1816 3012 2080 3078 cottidie
2135 3015 2337 3097 magis
2393 3012 2832 3081 animadverto
2900 3036 2983 3079 ex
3050 3036 3292 3079 conver·

647 3122 894 3186 satione
952 3128 1018 3185 et
1074 3121 1437 3205 cognitione
1498 3120 1725 3185 horum
1782 3120 2143 3205 principum
2201 3118 2375 3206 quod
2431 3120 2770 3185 concilium
2830 3123 2897 3185 in
2941 3120 3135 3186 Italia
3177 3120 3291 3185 fieri

645 3250 773 3292 non
818 3229 1153 3314 potuisset,
1196 3226 1325 3292 tale
1370 3225 1598 3291 saltem
1642 3225 1819 3313 quod
1863 3224 2229 3291 habiturum
2287 3234 2458 3291 esset
2503 3229 2943 3292 executionem
2987 3250 3106 3315 per
3148 3226 3290 3291 Ger-

645 3335 936 3414 maniam,
981 3335 1103 3398 nisi
1149 3334 1324 3420 prius
1371 3355 1518 3399 cum
1563 3335 1719 3419 ipsis
1766 3333 1977 3399 factus
2023 3332 2255 3398 fuisset
2298 3335 2353 3398 is
2399 3335 2537 3419 ipse
2568 3342 2874 3400 tractatus
2906 3356 3097 3420 quem
3126 3333 3354 3413 facio&

646 3446 908 3528 propter
961 3440 1192 3505 multas
1239 3448 1304 3504 et
1362 3461 1622 3524 magnas
1669 3462 1913 3505 causae.
2004 3442 2196 3504 immo
2243 3441 2297 3505 si
2344 3438 2635 3526 pontifex
2679 3440 2991 3506 voluisset
3034 3440 3289 3507 indicere

643 3547 984 3613 concilium
1040 3545 1123 3611 ad
1183 3545 1455 3632 aliquam
1513 3548 1841 3611 civitatem
1886 3546 2115 3611 Italiae
2161 3546 2400 3632 absque
2459 3568 2538 3612 eo
2597 3546 2773 3634 quod
2826 3548 3005 3633 prius
3052 3556 3288 3634 paterne

645 3652 1078 3718 admonuisset
1123 3650 1503 3718 Germaniae
1548 3655 1873 3739 principes
1932 3662 2005 3718 ut
2062 3652 2336 3718 libenter
2394 3655 2686 3719 venirent
2739 3655 2802 3717 in
2848 3653 3130 3735 Italiam,
3180 3673 3286 3717 non

645 3759 1046 3826 obstantibus
1091 3758 1364 3825 decretis
1410 3781 1628 3824 eorum
1674 3761 2120 3840 conciliorum,
2178 3760 2419 3825 nullum
2464 3760 2655 3847 plane
2702 3759 2981 3826 fructum
3029 3761 3285 3837 fecisset,

789 4045 835 4117 ¹)
872 4045 1007 4114 Auf
1036 4045 1130 4101 der
1165 4045 1326 4102 Reice
1359 4062 1465 4101 von
1501 4043 1807 4116 Wilrzbuoey
1841 4046 1990 4101 nach
2017 4044 2348 4117 Ηείἄεῑὸενρ
2385 4044 2451 4113 (s.
2490 4044 2582 4100 dic
2615 4043 2910 4116 ΐοῑρεηᾶεη
2943 4049 3090 4117 πυτ.)
3121 4037 3349 4102 suebum

651 4136 904 4207 Verycrio
952 4134 1060 4190 den
1095 4134 1756 4190 Deutschordensmcister
1801 4134 2050 4189 Walther
2096 4151 2203 4190 von
2254 4133 2527 4204 Gronbery
2575 4135 2641 4189 in
2675 4134 3089 4205 Mergentheim,
3133 4133 3283 4190 seina

643 4224 931 4294 Reddens,
966 4224 1089 4291 auf.
1162 4224 1239 4279 In
1286 4223 1387 4279 der
1422 4225 1705 4291 Antwort,
1753 4224 1946 4280 welche
1991 4222 2089 4279 der
2119 4224 2564 4280 Administrator
2611 4224 2727 4292 aas
2764 4224 2859 4279 die
2906 4225 3175 4295 Werbtmq
3204 4221 3284 4276 des

643 4314 900 4370 Nuntius
934 4314 1035 4369 hin
1069 4318 1237 4368 anter
1273 4312 1391 4368 dem
1426 4317 1505 4368 20
1541 4314 1764 4382 Auqust
1801 4330 1879 4368 an
1916 4313 2025 4368 den
2052 4313 2229 4381 Papst
2264 4314 2512 4382 richtete,
2544 4313 2653 4383 yab
2689 4330 2748 4369 er
2783 4313 2883 4370 der
2911 4314 3134 4370 Fraude
3157 4314 3279 4367 Aus-

645 4402 838 4472 dmck,
873 4404 976 4458 mit
1012 4402 1109 4458 der
1145 4403 1247 4457 ilm
1291 4402 1391 4457 ἄεν
1427 4402 1656 4458 Bericht
1706 4401 1799 4458 des
1840 4404 2116 4473 yelehrtcn
2160 4402 2283 4457 und
2331 4401 2582 4457 bercdten
2616 4403 2871 4458 Nuntius
2914 4404 3068 4459 hisce
3112 4399 3279 4457 diebus

645 4492 850 4565 quibus
886 4508 1102 4548 meeum
1138 4490 1247 4547 fuit
1282 4492 1338 4546 in
1379 4490 1668 4563 Mergetim
1708 4490 1776 4563 (l)
1814 4492 1950 4546 tiber
1987 4491 2089 4546 den
2131 4488 2414 4561 Beschzuss
2449 4491 2545 4548 des
2582 4491 2811 4562 Papam
2846 4493 2911 4546 in
2939 4493 3179 4548 Mantua
3205 4480 3338 4543 ein35

646 4583 840 4638 Concil
871 4600 943 4637 zu
977 4582 1184 4650 holten,
1221 4578 1410 4646 erfiwt
1444 4581 1597 4636 habe.
1671 4581 1761 4636 Er
1797 4582 1933 4636 habe
1970 4580 2091 4636 dem
2139 4581 2410 4651 Veryerio‚
2451 4582 2553 4636 wie
2599 4580 2774 4636 dieser
2821 4582 3000 4637 ηᾶῆετ
3035 4580 3277 4636 bendum

646 4671 837 4739 werde,
872 4675 1145 4740 zuyesayt,
1182 4670 1285 4725 ἄαε
1309 4668 1467 4726 Scine
1501 4686 1604 4725 zur
1631 4670 1965 4740 Forderuny
2002 4671 2098 4726 ἄεε
2128 4669 2345 4726 Concils
2379 4688 2449 4726 zu
2488 4671 2627 4725 thum
2663 4688 2720 4725 u.
2758 4687 2799 4726 s.
2837 4688 2901 4726 w.
2977 4670 3125 4736 Rom,
3152 4664 3275 4722 Bibl.

654 4760 777 4817 Vae.
816 4758 947 4815 cod.
987 4760 1114 4817 Vat.
1154 4760 1296 4814 3914
1333 4758 1426 4814 fol.
1467 4760 1824 4814 erla-2181»
1866 4761 1994 4829 Cop.
2036 4776 2213 4816 coaev.
