3500 5300
1414 313 1512 372 No.
1552 320 1581 373 1
1599 315 1652 373 *2
1690 319 1847 375 1536.
2859 310 2967 382 357

306 507 703 598 Augustinus
749 513 812 577 in
860 508 1024 577 libro
1070 513 1149 578 de
1210 536 1398 599 opere
1458 538 1862 581 monacorum
1912 515 2267 603 improbat,
2339 516 2492 581 dum
2539 520 2775 605 inquit:
2835 528 2964 584 tam
3023 525 3161 578 1536

302 618 532 684 multos
575 622 897 706 ypocritas
943 619 1063 684 sub
1111 620 1333 685 habitu
1364 645 1770 687 monacorum
1821 647 2018 709 usquc
2065 646 2314 710 quaque
2361 624 2652 710 dispersit
2698 624 2962 690 callidis·

303 728 498 790 simus
545 727 755 808 hostis,
802 728 1264 793 circumeuntes
1295 730 1643 814 provintias
1678 752 1992 816 nusquam
2038 740 2276 795 stantes
2322 753 2628 816 nusquam
2664 733 2964 797 sedentes,

303 842 364 898 et
410 834 611 899 infra:
672 857 889 899 omnes
934 843 1158 921 petunt
1214 844 1277 899 et
1322 858 1538 900 omnes
1583 839 1850 921 exigunt
1894 847 2006 901 aut
2051 849 2339 923 sumptus
2385 837 2627 902 lucrose
2673 842 2967 923 egestatis

248 949 416 1005 baut
460 940 747 1004 simulate
794 943 1075 1028 precium
1123 944 1485 1008 sanctitatis.
1564 944 1615 1006 si
1664 967 1813 1008 vero
1860 944 2325 1009 mendicitatem
2372 946 2572 1030 ipsam
2621 955 2682 1011 et
2728 947 2965 1011 mendi·

305 1049 581 1112 cantium
615 1048 864 1112 ordines
894 1047 1199 1113 damnare
1228 1049 1578 1131 intendant,
1628 1049 1982 1115 retrahendi
2030 1061 2176 1115 sunt
2221 1050 2303 1115 ab
2344 1074 2555 1116 errore
2588 1053 2964 1137 persuaden-

304 1154 494 1241 dique
551 1163 622 1219 ut
679 1155 983 1220 damnare
1043 1155 1337 1220 desinant
1381 1157 1882 1240 mendicitatem,
1944 1181 2088 1222 cum
2146 1160 2332 1221 etiam
2395 1158 2696 1222 Servatur
2755 1170 2968 1225 noster

305 1260 594 1327 Christus
623 1262 811 1327 Jesus
842 1285 967 1326 non
1000 1270 1094 1326 est
1123 1262 1500 1348 dedignatus
1533 1264 1727 1349 juxta
1757 1263 1913 1328 illud
1945 1263 2202 1350 psalmi:
2251 1288 2367 1350 ego
2399 1274 2609 1329 autem
2643 1267 2967 1332 mendicus

306 1391 445 1433 sum
492 1377 557 1433 et
600 1392 843 1456 pauper
874 1370 923 1456 ¹)
971 1370 1167 1457 (quod
1216 1367 1423 1454 glossa
1454 1372 1716 1456 exponit
1747 1370 2067 1436 Christum
2116 1372 2196 1436 de
2243 1396 2307 1435 se
2354 1373 2588 1437 dixisse
2635 1396 2714 1437 ex
2763 1374 2967 1437 forma

218 1486 287 1539 10
306 1477 518 1560 servi).
611 1485 674 1541 et
719 1475 869 1542 alibi
916 1488 1286 1563 prosecutus
1332 1488 1425 1541 est
1469 1476 1786 1542 hominem
1832 1480 2085 1564 inopem
2132 1491 2194 1543 et
2240 1479 2600 1544 mendicum
2650 1480 2968 1563 (Christus

306 1582 543 1648 scilicet
588 1585 852 1670 exponit
897 1584 1164 1669 glossa),
1213 1595 1276 1648 et
1324 1595 1379 1650 2.
1408 1585 1688 1651 Corinth.
1739 1597 1778 1652 8
1809 1588 1896 1664 ²):
1945 1588 2119 1650 scitis
2163 1588 2432 1671 gratiam
2482 1586 2722 1651 domini
2769 1589 2966 1653 nostri

305 1690 461 1755 Jesu
507 1689 773 1770 Christi,
833 1692 1129 1777 quoniam
1180 1714 1292 1777 per
1338 1714 1451 1756 vos
1497 1715 1732 1777 egenus
1794 1693 1998 1757 factus
2044 1701 2151 1756 est.
2245 1717 2430 1780 quem
2488 1695 2678 1758 etiam
2725 1696 2966 1759 victum

303 1798 555 1883 petiisse
586 1794 855 1861 habetur
885 1796 1060 1861 Luce
1098 1810 1173 1864 19
1207 1803 1282 1881 ³),
1331 1798 1437 1862 ubi
1470 1800 1762 1864 dominus
1794 1800 1956 1864 dixit
1987 1800 2067 1864 ad
2103 1799 2457 1865 Zacheum:
2505 1801 2755 1866 Zachee
2799 1801 2966 1866 sesti-

304 1926 464 1968 nans
509 1903 838 1977 descende.
885 1907 1031 1991 quia
1066 1904 1249 1969 hodie
1297 1907 1359 1969 in
1408 1906 1596 1970 domo
1645 1917 1753 1972 tua
1786 1930 1942 1993 opus
1989 1931 2088 1971 mc
2120 1930 2405 1990 manere;
2438 1916 2500 1972 et
2531 1908 2734 1973 Marci
2770 1920 2844 1973 11
2879 1909 2965 1995 ⁴):

218 2025 285 2078 15
306 2012 775 2097 circumspectis
836 2010 1130 2075 omnibus
1205 2036 1347 2076 cum
1399 2013 1539 2097 jam
1598 2036 1866 2100 vespera
1935 2023 2098 2078 esset
2154 2014 2424 2099 (glossat
2497 2017 2968 2103 circumspectis

306 2117 600 2182 omnibus
632 2120 683 2182 si
717 2120 857 2205 quis
887 2142 1029 2184 eum
1063 2117 1345 2205 hospicio
1370 2122 1773 2207 susciperet);
1807 2131 1868 2185 et
1900 2120 2220 2207 apostolus
2243 2124 2446 2207 prima
2470 2121 2750 2186 Corinth.
2773 2133 2856 2189 10
2883 2123 2965 2205 ⁶):

305 2224 385 2290 de
417 2224 691 2307 colectis,
740 2227 961 2312 inquit,
1010 2249 1132 2313 quc
1166 2228 1324 2290 fiunt
1354 2229 1419 2290 in
1451 2236 1721 2309 sanctos,
1771 2230 1933 2292 sicut
1968 2228 2256 2292 ordinavi
2291 2230 2352 2292 in
2386 2227 2669 2292 ecclesiis
2698 2227 2966 2309 Galatie,

303 2332 393 2396 ita
437 2341 501 2396 et
541 2355 654 2396 vos
699 2332 886 2397 facite
931 2356 1045 2418 per
1092 2357 1281 2397 unam
1331 2333 1536 2398 sabati
1583 2338 2014 2421 unusquisque
2045 2345 2325 2399 vestrum
2372 2334 2541 2420 apud
2591 2358 2656 2399 se
2701 2344 2969 2422 reponat

303 2438 652 2504 recondens
700 2439 871 2525 quod
901 2441 960 2504 ei
992 2438 1150 2504 bene
1180 2439 1504 2526 placuerit,
1552 2451 1622 2506 ut
1668 2465 1796 2506 non
1830 2465 1972 2506 cum
2023 2465 2254 2505 venero
2286 2440 2540 2506 collecte
2585 2441 2767 2524 fiant,
2813 2451 2877 2506 et
2908 2452 2965 2506 2.

214 2546 386 2615 20ad
433 2546 685 2611 eosdem
727 2569 778 2612 c.
814 2555 851 2612 8
882 2549 936 2629 6)
982 2545 1121 2612 illos
1152 2547 1233 2612 ad
1265 2546 1665 2614 elemosinam
1712 2552 1780 2612 in
1813 2548 2212 2613 Hierusalem
2247 2548 2613 2614 mittendam
2650 2547 2966 2630 hortatum

302 2660 366 2718 et
421 2654 504 2719 ad
552 2655 872 2719 Romanos
921 2666 1000 2721 15
1051 2678 1102 2719 c.
1134 2658 1186 2738 ⁷)
1246 2657 1582 2720 comendat
1637 2656 1959 2742 apostolus
2008 2656 2386 2720 Macedones
2445 2665 2507 2720 et
2550 2655 2828 2720 Achaios
2886 2656 2968 2721 de

301 2758 421 2825 hoc
468 2760 637 2848 quod
685 2760 1117 2847 probaverunt
1164 2761 1538 2827 colationem
1584 2763 1796 2826 facere
1842 2764 1905 2825 in
1956 2784 2265 2848 pauperes
2313 2772 2692 2826 sanctorum.

481 2867 587 2931 Ex
633 2867 864 2955 quibus
911 2868 1228 2954 colligitur
1274 2868 1461 2933 licere
1508 2892 1623 2955 pro
1672 2892 1738 2934 se
1786 2871 1955 2955 ipsiS,
2004 2872 2055 2933 si
2103 2869 2281 2933 adest
2328 2869 2691 2954 indigentia,
2739 2868 2965 2934 elemo-

305 2976 471 3039 sinas
546 2987 792 3060 petere,
865 2976 1374 3062 quandoquidem
1438 2976 1583 3041 licet
1644 3000 1757 3062 pro
1831 2975 1987 3040 aliis.
2097 2975 2283 3039 licere
2352 2977 2540 3039 etiam
2610 2975 2694 3040 ab
2762 2978 2966 3041 amico

214 3096 283 3148 25
306 3092 517 3166 petere
586 3104 729 3145 cum
804 3084 1189 3167 indigemus,
1260 3081 1514 3146 voluere
1581 3085 1772 3146 etnici
1843 3084 2218 3168 scriptores:
2296 3081 2664 3146 Aristoteles
2731 3082 2969 3148 scilicet

306 3187 538 3253 Ethica
581 3188 742 3253 libro
793 3199 847 3255 6.
941 3190 1109 3277 quod
1159 3191 1207 3253 si
1257 3192 1406 3276 jure
1478 3192 1753 3254 amicitie
1800 3190 1972 3271 licet,
2036 3188 2231 3252 multo
2295 3190 2494 3273 magis
2542 3188 2690 3273 jure
2751 3195 2968 3253 mutue

307 3296 587 3358 caritatis
633 3297 697 3359 in
746 3295 995 3360 Christo
1044 3299 1225 3360 toties
1269 3296 1352 3360 ab
1400 3320 1474 3361 co
1523 3296 1706 3361 nobis
1736 3306 2050 3383 precepto.
2108 3305 2170 3358 ct
2217 3297 2267 3357 si
2302 3303 2627 3381 tantopere
2676 3295 2739 3357 in
2772 3295 2969 3358 sacris

304 3399 497 3465 literis
545 3402 919 3466 comendata
966 3416 1059 3468 est
1104 3402 1443 3467 elemosina
1473 3406 1668 3488 juxta
1713 3403 1869 3468 illud
1903 3402 2123 3488 psalmi
2169 3414 2284 3467 112
2318 3406 2406 3488 ³¹):
2455 3401 2748 3488 dispersit
2791 3401 2968 3466 dedit

304 3508 688 3594 pauperibus
715 3509 805 3597 ⁸);
852 3521 913 3574 et
960 3509 1134 3574 Luce
1187 3523 1261 3576 11
1297 3514 1382 3593 ⁰):
1430 3510 1599 3597 quod
1647 3520 1963 3596 superest,
2010 3509 2160 3574 date
2206 3509 2643 3591 elemosinam3
2705 3518 2768 3572 et
2820 3531 2966 3573 ecce

213 3781 283 3834 30
445 3798 486 3843 a)
518 3794 620 3834 Sic!
648 3795 897 3835 medantum.

450 3901 491 3969 ¹)
534 3902 717 3957 Psalm
755 3906 827 3955 40
864 3920 909 3955 v.
949 3908 1028 3955 18.

445 3990 489 4058 ²)
522 3996 561 4045 2
585 3992 701 4045 For.
739 3996 777 4041 8
814 4011 855 4044 r.
896 3996 944 4045 9.

448 4078 490 4147 ³)
530 4080 631 4134 Er.
670 4080 809 4134 Luc.
848 4085 914 4133 19
955 4099 996 4134 c.
1036 4084 1085 4132 5.

445 4168 491 4234 ⁴)
532 4168 634 4222 Er.
675 4170 863 4223 Marci
905 4175 964 4221 11
1002 4188 1046 4222 r.
1088 4173 1166 4222 11.

211 4260 281 4314 35
446 4256 491 4323 ὅ)
537 4259 800 4311 Viebnehr
837 4262 869 4311 1
893 4258 1013 4311 Cor.
1056 4262 1124 4310 16
1164 4276 1205 4311 r.
1247 4262 1292 4310 1.
1332 4264 1369 4311 2
1406 4258 1567 4323 (Rea.
1608 4262 1640 4310 1
1677 4259 2191 4328 Ιιαίηνεῃτὶιήρῑίοὴ
2209 4259 2283 4327 X,
2321 4260 2704 4328 nachtrdylich
2739 4264 2962 4328 eratin-et

300 4364 373 4400 zu
409 4345 588 4414 XVI).

445 4434 492 4506 ⁶)
529 4435 710 4492 acor.
748 4453 790 4491 c.
828 4442 878 4491 8.

450 4523 488 4591 ⁷)
524 4526 677 4582 Rem.
718 4529 786 4579 15
822 4545 867 4581 v.
905 4530 997 4582 26.

447 4614 492 4684 ⁸)
530 4615 719 4671 Psazm
753 4620 856 4670 112
894 4635 938 4671 υ.
978 4622 1027 4670 9.

209 4708 283 4763 40
444 4703 489 4775 ⁹)
530 4706 631 4761 Ευ.
668 4708 804 4762 Luc.
848 4711 907 4761 11
944 4725 988 4763 v.
1025 4709 1105 4760 41.
