3500 5300
602 340 712 404 3⁶2
1716 344 1816 400 No.
1857 345 1955 400 1¹⁸³:
1998 347 2152 401 1536.

413 543 552 594 1536
603 538 980 627 quibusdam
1029 539 1110 605 de
1154 542 1291 605 foro
1325 549 1590 628 compet.
1625 543 1693 625 ¹),
1740 547 1806 606 et
1850 540 1989 606 aliis
2033 540 2321 628 pluribus
2372 541 2645 626 casibu8‚
2693 565 2852 630 quos
2898 565 3279 609 enumerare

604 646 859 733 longum
908 648 1083 711 foret.

780 752 943 818 Cum
991 754 1204 840 itaque
1249 775 1377 818 non
1425 754 1625 819 solum
1659 755 2088 820 Romanorum
2137 756 2507 843 pontificum
2541 755 3115 836 constitutionibus,
3161 757 3277 822 sed

603 862 790 925 etiam
838 860 1058 925 divina
1102 868 1164 925 et
1209 858 1641 947 imperialibus
1682 859 1931 946 legibus
1977 862 2210 929 nedum
2256 865 2651 949 permissum,
2698 862 2812 929 sed
2857 865 3276 929 constitutum

603 968 790 1031 etiam
838 989 954 1053 per
998 967 1214 1054 laycos
1258 967 1623 1032 adeundum
1671 968 2164 1033 ecclesiasticum
2199 969 2519 1055 judicem,
2567 969 2721 1056 quid
2768 977 2862 1034 est
2907 970 3083 1057 quod
3128 994 3275 1056 gra-
3327 984 3362 1034 5

604 1082 834 1139 ventur
878 1073 1181 1139 Germani
1244 1076 1296 1138 si
1353 1073 1683 1161 prophane
1742 1097 1932 1140 cause
1992 1075 2259 1141 Romam
2323 1085 2434 1141 aut
2490 1076 2574 1141 ad
2636 1077 3127 1142 ecclesiasticum
3166 1078 3275 1163 ju·

604 1180 809 1245 dicem
854 1180 1186 1246 trahantur
1205 1180 1237 1245 ?

734 1331 755 1352 .
781 1287 971 1369 Quod
1017 1290 1071 1353 si
1114 1287 1389 1375 improbi
1435 1289 1819 1376 optimarum
1876 1288 2089 1376 legum
2135 1313 2339 1377 prava
2395 1291 2908 1378 interpretatione
2955 1296 3018 1355 et
3062 1288 3278 1355 abusu

602 1393 803 1459 bonos
843 1394 1224 1482 quandoque
1269 1395 1336 1459 in
1395 1393 1534 1461 lites
1592 1403 1655 1460 et
1714 1398 2175 1462 controversias
2220 1397 2504 1476 trahant,
2568 1397 2725 1463 falso
2771 1404 3124 1462 asserentes
3165 1395 3278 1461 vel

603 1502 979 1588 denegatam
1016 1503 1340 1589 justiciam
1383 1502 1484 1567 vel
1528 1509 1733 1567 tutum
1780 1526 1908 1567 non
1956 1511 2174 1589 patere
2218 1527 2566 1589 accessum,
2611 1512 2725 1569 aut
2769 1527 2837 1568 se
2881 1502 3279 1568 miserabiles
3301 1517 3366 1570 10

604 1617 666 1674 et
712 1630 1043 1705 oppressos
1088 1609 1222 1673 fore
1266 1608 1459 1695 idque
1507 1609 1802 1695 judicum
1862 1612 2225 1675 coniventia
2284 1613 2689 1698 permissum,
2757 1612 2868 1698 qui
2939 1609 3280 1697 quibusvis

603 1713 1084 1802 probationibus
1127 1716 1338 1804 sepius
1382 1715 1572 1780 fidem
1618 1718 1977 1803 presistere:
2037 1719 2100 1781 in
2159 1725 2479 1805 posterum
2524 1716 2778 1783 salubre
2823 1716 3114 1782 adhiberi
3159 1740 3279 1804 po-

603 1824 751 1887 terit
779 1823 1147 1905 remedium,
1193 1845 1271 1887 ne
1303 1822 1549 1888 levibus
1582 1830 1780 1888 stetur
1812 1822 2312 1909 probationibus,
2358 1824 2469 1889 sed
2499 1826 2831 1912 perspicue
2861 1831 2924 1889 et
2953 1823 3284 1910 pleniores

603 1929 944 2014 exigantur
988 1928 1220 2016 quibus
1249 1937 1494 1995 constet
1538 1928 1725 1994 licere
1772 1929 2120 1995 secundum
2167 1929 2337 2017 leges
2382 1954 2718 2018 sacrasque
2748 1933 3108 1996 sanctiones
3136 1929 3282 2016 lay·

605 2058 751 2099 cum
797 2037 861 2098 in
908 2035 1238 2123 prophana
1281 2059 1475 2102 causa
1520 2037 1600 2100 ad
1634 2037 1985 2101 Romanam
2035 2039 2276 2103 curiam
2312 2037 2411 2102 vel
2457 2037 2945 2104 ecclesiasticum
2982 2036 3280 2124 judicem
3303 2051 3373 2104 15

604 2141 886 2224 trahere,
945 2142 1163 2207 addita
1223 2144 1413 2207 etiam
1471 2166 1650 2208 secus
1709 2142 2086 2208 facientibus
2132 2145 2410 2229 graviori
2456 2166 2623 2231 pena
2666 2165 2860 2231 quam
2908 2145 2990 2209 sit
3031 2166 3283 2230 expen-

605 2272 817 2314 sarum
866 2249 1325 2315 condemnatio.
1388 2250 1553 2314 idem
1589 2272 1932 2332 censemus,
1979 2273 2059 2315 ne
2091 2259 2219 2315 tam
2259 2250 2443 2316 facile
2478 2251 2843 2337 juramento
2891 2257 3115 2333 stetur,
3159 2250 3284 2314 sed

605 2356 725 2422 alie
770 2357 1110 2442 exigantur
1140 2357 1546 2445 probationes
1575 2380 1691 2443 pro
1723 2359 1932 2422 causis
1962 2359 2203 2422 ratione
2233 2357 2769 2443 perhorrescentie
2800 2357 2882 2421 ad
2917 2356 3284 2422 Romanam

605 2465 844 2530 curiam
873 2463 973 2530 vel
1002 2464 1494 2529 ecclesiasticum
1517 2463 1805 2551 judicem
1836 2464 2224 2530 deducendis
2293 2471 2592 2552 vergente
2622 2465 2787 2528 enim
2813 2464 2880 2528 in
2911 2464 3156 2530 senium
3181 2486 3284 2529 se·

604 2570 747 2638 culo
791 2594 918 2636 non
955 2593 1031 2635 ea
1064 2577 1160 2635 est
1189 2570 1610 2659 jurisjurandi
1642 2572 1965 2635 veneratio
1998 2580 2070 2636 ut
2098 2571 2177 2636 de
2209 2579 2417 2637 cetero
2449 2571 2578 2636 solo
2609 2573 2978 2659 juramento
3011 2579 3234 2635 stetur.
3301 2583 3371 2637 2⁰

786 2678 884 2742 De
942 2677 1417 2744 beneficialibus
1476 2680 1662 2744 etiam
1725 2680 1930 2743 causis
1988 2680 2227 2766 aliquid
2287 2679 2450 2745 foret
2507 2678 2951 2765 cogitandum,
3006 2699 3134 2765 que
3190 2678 3286 2743 ad

606 2785 957 2850 Romanam
989 2786 1228 2850 curiam
1276 2787 1341 2849 in
1373 2787 1598 2872 quavis
1630 2786 1948 2868 instantia,
1994 2808 2117 2872 que
2161 2787 2226 2849 in
2273 2785 2552 2851 secunda
2596 2793 2707 2851 aut
2752 2787 2818 2850 in
2859 2785 3048 2850 tertia
3092 2784 3283 2850 dum-

603 2900 817 2976 taxat,
875 2900 938 2956 et
996 2915 1117 2979 que
1176 2915 1501 2979 nunquam
1558 2890 1896 2958 trabende:
1952 2893 2384 2958 existimarem
2429 2894 2596 2957 cuim
2641 2893 2896 2958 nonnisi
2942 2890 3282 2957 cathedra-

602 2998 759 3065 lium
804 3007 868 3064 et
911 3000 1434 3064 monasteriorum
1482 3021 1709 3064 causas
1752 3001 1820 3063 in
1866 2999 2091 3086 quavis
2135 3000 2465 3084 instantia3
2512 2998 2954 3065 benefitiorum
3001 3021 3282 3086 quorum

604 3107 848 3172 fructus
881 3115 964 3173 20
997 3106 1139 3172 duc.
1170 3105 1451 3170 valorem
1480 3108 1535 3189 ⁸)
1568 3142 1652 3152 -
1685 3128 2042 3192 nunquam3
2089 3105 2358 3171 aliorum
2389 3128 2540 3171 vero
2586 3105 2842 3170 nonnisi
2883 3105 2950 3169 in
2993 3104 3361 3172 secundam

605 3221 669 3278 et
712 3214 901 3278 tertia
944 3214 1244 3278 instantia
1288 3213 1371 3278 ad
1416 3213 1772 3278 Romanam
1830 3213 2074 3277 curiam
2133 3211 2553 3278 deducendas.
2645 3213 2758 3278 sed
2803 3211 3278 3299 providendum

605 3321 657 3384 si
703 3319 856 3408 quid
903 3343 985 3384 ex
1033 3319 1316 3384 Romane
1361 3320 1534 3385 curie
1578 3318 2032 3385 consuetudine
2086 3320 2526 3401 remitteretur,
2573 3319 2888 3385 seculares
2934 3321 3278 3405 principes,

605 3427 714 3514 qui
760 3427 889 3491 suis
932 3426 1341 3512 pragmaticis
1387 3423 1817 3490 sanctionibus
1862 3448 2087 3490 causas
2133 3425 2215 3490 ad
2247 3426 2597 3490 Romanam
2641 3426 2884 3490 curiam
2931 3425 3278 3491 devolvere

605 3541 752 3598 sunt
818 3533 1266 3620 impedimento
1326 3534 1559 3619 quique
1616 3541 1680 3598 et
1738 3555 1962 3598 causas
2022 3540 2084 3598 et
2142 3555 2443 3620 personas
2499 3531 2959 3597 ecclesiasticas
3017 3533 3103 3597 ad
3159 3556 3274 3597 sua

604 3639 867 3706 trahunt
911 3638 1272 3723 tribunalia,
1319 3649 1381 3704 et
1427 3641 1654 3726 impias
1699 3639 1871 3727 leges
1931 3638 2316 3727 abrogarent
2375 3648 2437 3704 et
2483 3662 2717 3725 pravas
2764 3641 3274 3721 consuetudines,
3289 3654 3362 3706 30

607 3748 756 3834 quin
804 3748 1013 3833 potius
1059 3744 1297 3811 abusus
1342 3755 1405 3811 et
1450 3745 1839 3834 corruptelas
1883 3746 2171 3813 tollerent
2197 3747 2272 3829 1>).

1287 3911 1384 3971 11.
1461 3906 1563 3971 De
1608 3907 2161 3973 conservatoribus
2205 3906 2579 3994 apostolicis.

784 4012 951 4080 Satis
994 4012 1354 4078 mirandum
1401 4013 1563 4079 foret
1606 4014 1671 4078 id
1732 4015 1896 4079 inter
1939 4016 2312 4101 gravamina
2358 4015 2678 4078 numerari
2727 4012 2893 4100 quod
2945 4014 3155 4100 potius
3197 4013 3266 4077 li·

605 4123 941 4209 tigantium
987 4122 1277 4186 levamen
1324 4120 1725 4186 censendum.
1788 4122 1904 4186 etsi
1948 4123 2116 4185 enim
2161 4122 2546 4207 antiquiores
2603 4128 2818 4207 patres
2875 4121 3078 4184 nostri
3121 4141 3264 4183 con·

606 4244 854 4252 ——ss-ffl

749 4284 795 4327 ιι)
821 4281 938 4322 Fam
966 4281 1040 4322 tto!
1067 4292 1151 4321 non
1182 4281 1409 4322 excedunt.
3275 4264 3350 4317 35

747 4353 794 4403 b)
822 4353 919 4394 aad.
951 4354 972 4392 1
998 4352 1095 4393 add.
1125 4351 1366 4394 Gruvsmsu
1396 4352 1609 4394 decimum
1637 4351 1771 4404 priori
1801 4351 2080 4393 cotolariumz
2111 4352 2220 4392 Item
2250 4362 2345 4392 cum
2375 4352 2507 4392 Rome
2535 4350 2754 4403 quispiam
2783 4351 2919 4392 etiam
2948 4350 3103 4402 hyena
3128 4349 3258 4390 inier-

604 4425 750 4477 posito
772 4424 1019 4477 ,iuramento
1047 4423 1209 4465 asserit
1238 4435 1287 4464 se
1316 4435 1400 4464 nou
1430 4435 1609 4475 sperare
1636 4425 1710 4464 etc.
1744 4453 1754 4465 .
1788 4453 1800 4465 .
1830 4452 1843 4463 .

748 4497 935 4547 Respon.
991 4493 1124 4537 Just·
1161 4496 1233 4537 ent
1259 4496 1460 4544 querela
1503 4496 1712 4547 vergente
1749 4495 1866 4537 enim
1894 4494 1941 4536 in
1980 4494 2150 4536 senium
2193 4494 2338 4536 seculo
2376 4491 2716 4545 depr-”timue
2749 4492 2842 4544 jum
2879 4493 3070 4535 moribus
3105 4503 3187 4534 nou
3210 4502 3258 4530 a

605 4568 677 4610 ont
708 4566 999 4619 jurisjurandi
1033 4568 1282 4616 venenuo.
1322 4568 1374 4607 ut
1399 4566 1454 4608 de
1481 4567 1626 4608 cetero
1653 4566 1749 4608 solo
1789 4567 1932 4608 netur
1951 4566 2221 4618 jurans-tm
2261 4567 2490 4617 ιιι-ομπο-
2515 4564 2810 4606 adhibe-dun
2837 4563 3100 4615 nundin,
3135 4574 3188 4603 ne
3211 4562 3256 4602 ἰι

606 4639 837 4688 quibusvis
867 4639 1015 4681 unsis
1043 4638 1112 4679 un
1139 4638 1298 4686 stetur.
1328 4639 1407 4680 sed
1434 4637 1641 4680 clariores
1668 4639 1902 4689 exient-r
1928 4637 2222 4689 prob-uonna.
3271 4619 3346 4674 40

752 4728 795 4799 ¹)
835 4728 1050 4783 Findet
1086 4730 1201 4784 sich
1240 4730 1404 4783 nicht.
