3500 5300
1189 380 1288 435 No.
1326 382 1422 436 83:
1466 381 1599 436 1538
1637 382 1787 451 April
1823 382 1874 435 2.
2810 379 2915 441 267

396 575 521 629 Aus
546 574 778 644 Neapel,
819 575 1045 631 Grande
1073 577 1342 632 Archivio
1369 576 1534 633 Carte
1564 577 1786 632 Fames.
1819 577 1977 634 Fasc.
2010 579 2115 632 740
2148 576 2329 646 Ori9.‚·
2363 580 2429 632 in
2463 595 2616 634 verso
2643 578 2917 633 Ricevuta

466 665 560 717 alli
600 666 667 718 18
704 666 757 718 in
798 666 1073 720 Piacenza
1102 664 1165 730 1).

433 770 664 859 Doppo
720 770 910 858 longo
972 779 1230 837 trattato
1292 775 1493 859 questi
1553 775 1789 859 signori
1835 773 2097 839 Bohemi
2160 774 2372 838 hanno
2419 774 2596 838 finita
2640 774 2702 838 la
2748 775 2917 838 dieta

254 900 375 942 con
421 877 824 943 conclusione
868 879 1070 944 ferma
1115 881 1182 944 di
1229 880 1381 944 dare
1427 880 1642 945 adiuto
1689 905 1728 945 a
1775 890 1994 968 questo
2028 882 2211 946 Sermo
2258 905 2357 963 re3
2404 904 2510 945 ma
2554 880 2720 945 hano
2767 881 2913 945 deli-

198 983 473 1050 5berato
518 985 651 1049 fare
695 984 759 1049 la
803 992 977 1050 terza
1023 986 1211 1069 dieta,
1258 986 1407 1074 qual
1437 989 1822 1074 principiera
1866 988 1972 1052 alli
2010 999 2044 1053 2
2088 988 2152 1051 di
2200 990 2472 1074 maggio,
2519 987 2687 1052 nella
2732 986 2917 1074 quale

254 1090 618 1156 stabilirano
685 1090 750 1156 la
817 1095 1106 1179 quantita
1172 1101 1234 1158 et
1302 1094 1490 1159 modo
1560 1095 1623 1159 di
1684 1104 1904 1182 questo
1966 1096 2210 1177 adium,
2282 1102 2345 1158 et
2403 1096 2592 1159 credo
2652 1097 2796 1159 sara
2853 1095 2917 1158 di

254 1197 518 1285 qualche
564 1208 901 1264 momento,

430 1305 562 1370 Sua
607 1306 857 1372 Santita
915 1306 996 1371 ha
1055 1308 1139 1371 da
1203 1330 1425 1394 sapere
1485 1308 1599 1373 che
1659 1308 1703 1371 li
1749 1309 2214 1395 proparamenti
2279 1309 2344 1372 di
2407 1330 2535 1395 qua
2592 1308 2918 1372 andarano

254 1413 417 1475 assai
465 1412 662 1495 tardi,
723 1421 785 1477 et
830 1415 974 1478 sara
1019 1416 1397 1500 expediente
1444 1415 1594 1496 che,
1653 1438 1719 1479 se
1766 1416 1897 1480 Sua
1943 1415 2191 1479 Santita
2238 1416 2303 1479 fa
2346 1415 2751 1479 fondamento
2798 1413 2919 1479 alle

162 1533 235 1584 10
258 1541 400 1584 cose
448 1520 516 1584 di
561 1542 689 1606 qua
733 1543 847 1607 per
892 1520 954 1585 la
998 1545 1232 1608 guerra
1278 1529 1499 1586 contro
1542 1521 1587 1586 il
1635 1522 1874 1597 Turco‚
1922 1523 2088 1586 facia
2132 1524 2432 1587 instantia
2477 1521 2602 1586 alla
2647 1521 2921 1587 Cesarea

252 1625 530 1708 Maesta,
592 1650 779 1692 senza
823 1627 886 1692 la
931 1629 1117 1715 quale
1162 1628 1592 1694 difficilmente
1638 1630 1692 1694 si
1748 1631 1933 1715 potra
1988 1652 2220 1694 cavare
2264 1629 2482 1694 adiuto
2529 1628 2694 1693 dalle
2752 1638 2919 1694 terre

253 1732 356 1796 del
402 1734 682 1819 imperio.

431 1839 512 1904 Li
556 1843 831 1928 principi
876 1841 1220 1920 lutherani,
1280 1844 1379 1906 fra
1425 1843 1467 1907 li
1515 1844 1685 1930 quali
1730 1844 1767 1907 ὲ
1815 1843 2096 1908 l’intruso
2144 1866 2211 1907 re
2256 1843 2322 1907 di
2370 1842 2606 1926 Dacia,
2661 1843 2706 1907 il
2752 1843 2918 1909 duca

2971 585 3114 635 1538

2931 653 3072 723 Apr.
3107 654 3147 709 2

2942 991 3067 1044 Mai
3101 992 3140 1044 2

257 1946 549 2013 Gioanne
596 1949 659 2012 di
707 1948 991 2014 Saxonia
1035 1948 1332 2031 electore,
1403 1950 1760 2035 lantgravio
1808 1948 2028 2014 ‹l'Asia
2072 1958 2134 2014 et
2180 1949 2222 2014 il
2268 1949 2594 2014 marchese
2641 1949 2916 2036 Georgio
2987 1959 2994 1964 “

163 2067 234 2120 15
255 2054 320 2118 di
367 2054 868 2121 Brandenburch
916 2064 978 2122 et
1023 2056 1197 2121 molti
1246 2057 1408 2140 altri,
1478 2058 1671 2122 fanno
1717 2057 1764 2121 il
1810 2081 1922 2123 suo
1970 2067 2281 2121 convento
2327 2081 2367 2121 a
2412 2056 2809 2139 Branswich,
2856 2066 2919 2122 et

255 2163 307 2226 si
352 2161 577 2226 dubita
622 2164 804 2246 assai,
853 2185 1030 2228 come
1072 2162 1353 2228 nel'altre
1384 2166 1510 2227 mie
1547 2166 1770 2228 scrisse
1798 2163 1871 2251 2),
1920 2163 2215 2250 vogliano
2246 2166 2525 2229 excitare
2556 2188 2714 2250 gran
2749 2173 2918 2229 moto

254 2269 317 2332 di
362 2292 594 2355 guerra
641 2278 862 2335 contra
894 2268 1219 2335 Catholici.
1300 2272 1351 2334 si
1398 2272 1648 2356 suspica
1694 2271 1974 2335 anchora
2020 2271 2136 2335 che
2182 2274 2358 2336 siano
2405 2292 2518 2357 per
2564 2271 2696 2336 fare
2743 2270 2915 2359 qual-

255 2375 371 2441 che
417 2377 924 2443 confederatione
970 2399 1087 2442 eon
1135 2376 1180 2441 il
1224 2400 1292 2442 re
1339 2377 1405 2441 di
1453 2378 1723 2442 Franza.

431 2483 806 2568 Monsignor
863 2484 987 2547 R¹¹¹⁰
1061 2483 1125 2548 di
1187 2484 1423 2549 Trento
1483 2487 1724 2571 partirh.
1783 2493 2002 2572 questa
2079 2486 2419 2568 setimana‚
2490 2492 2553 2550 et
2612 2508 2727 2550 con
2789 2486 2920 2551 Sua

161 2589 547 2678 2OSignoria
592 2591 721 2657 ΒΜ
766 2593 1000 2657 venera
1058 2614 1182 2656 uno
1241 2600 1469 2679 nepote
1532 2591 1635 2657 del
1694 2594 1907 2679 signer
1955 2593 2167 2659 Leone
2223 2593 2370 2680 qual
2418 2591 2622 2659 hebbe
2665 2593 2804 2659 loco
2851 2594 2917 2659 di

254 2700 467 2764 vicere
511 2700 576 2763 in
626 2706 846 2786 questo
891 2721 1085 2784 regno
1115 2699 1168 2787 ³)
1216 2708 1278 2765 et
1318 2700 1385 2764 fu
1433 2723 1680 2787 sempre
1710 2699 2018 2764 catholico
2064 2708 2128 2764 et
2174 2699 2314 2764 nell’
2348 2699 2707 2764 obedientia
2753 2699 2918 2765 della

253 2806 401 2870 sede
431 2804 792 2892 apostolica,
842 2804 1004 2869 nella
1037 2806 1221 2893 quale
1251 2805 1297 2870 il
1327 2807 1524 2893 padre
1571 2816 1635 2872 et
1687 2816 1906 2894 questo
1938 2809 2205 2893 giovene
2235 2830 2403 2871 vano
2433 2807 2916 2893 perseverando,

254 2920 317 2977 et
360 2934 521 2977 vene
566 2913 631 2976 in
662 2910 848 2977 Italia
891 2934 1004 2997 per
1050 2913 1292 2977 studiar
1336 2936 1376 2977 a
1421 2913 1662 2996 Padua,
1709 2936 1816 2977 ma
1860 2913 1944 2978 ha
1988 2913 2334 2978 deliberato
2381 2915 2596 2977 venire
2641 2936 2681 2978 a
2726 2912 2917 2978 basar

253 3017 298 3082 li
344 3018 488 3105 pedi
534 3042 575 3084 a
607 3018 737 3084 Sua
768 3019 1030 3084 Santita.
1121 3042 1236 3105 per
1280 3019 1343 3084 la
1388 3020 1537 3107 qual
1586 3043 1735 3085 cosa
1780 3021 2043 3085 essendo
2089 3044 2227 3085 esso
2275 3019 2659 3085 nobilissimo
2706 3030 2770 3085 et
2814 3044 2914 3085 ca-

163 3137 236 3189 25
255 3126 517 3211 tholico‚
598 3149 793 3214 prego
854 3126 930 3189 V.
993 3125 1055 3191 S.
1115 3127 1242 3190 Rm
1297 3126 1552 3213 quando
1608 3129 1844 3192 venera
1918 3128 1971 3191 si
2029 3128 2220 3213 degni
2275 3126 2418 3191 farli
2477 3128 2710 3191 havere
2769 3127 2915 3192 facil

253 3233 426 3297 adito
498 3257 538 3297 a
595 3235 727 3299 Sua
784 3233 1032 3298 Santita
1104 3242 1167 3297 et
1234 3256 1467 3320 pregar
1525 3234 1654 3298 Sua
1715 3234 2117 3299 Beatitudine
2187 3233 2398 3319 voglia
2464 3256 2584 3298 eon
2652 3234 2918 3320 qualche

255 3339 528 3404 humane
575 3338 790 3427 parole
837 3339 1206 3426 racoglierlo
1253 3349 1315 3405 et
1361 3340 1722 3406 exhortarlo
1770 3341 1895 3405 alla
1930 3342 2402 3428 perseverantia
2447 3348 2511 3404 et
2553 3340 2919 3425 gratificarli

255 3447 518 3512 essendo
576 3447 870 3511 richiesta
926 3449 992 3511 in
1048 3446 1316 3534 qualche
1369 3451 1576 3534 gratia
1637 3449 1976 3535 spirituale,
2037 3448 2268 3535 perche
2329 3449 2474 3511 sara
2530 3447 2722 3512 molto
2767 3447 2918 3512 utile

257 3552 383 3618 alla
428 3556 904 3619 conservatione
949 3578 1077 3619 non
1125 3554 1217 3619 sol
1263 3555 1329 3619 di
1375 3564 1630 3642 queem,
1688 3578 1797 3618 ma
1859 3554 2096 3620 anchor
2141 3554 2310 3640 degli
2356 3554 2501 3619 altri
2560 3564 2622 3619 et
2667 3558 2920 3642 portora

160 3660 381 3725 30bon
440 3683 628 3725 nome
683 3685 723 3726 a
781 3661 913 3727 Sua
970 3661 1371 3727 Beatitudine
1432 3663 1497 3726 in
1561 3671 1779 3749 queste
1838 3665 2037 3749 parti,
2098 3685 2276 3728 come
2335 3660 2417 3726 ha
2470 3662 2625 3727 fatto
2686 3684 2919 3727 messer

254 3767 468 3832 Pietro
515 3768 801 3832 Bichinio
818 3819 836 3850 ‚
906 3769 1091 3856 quale
1149 3770 1184 3831 ὸ
1230 3778 1396 3834 stato
1455 3777 1517 3833 et
1580 3770 1616 3833 ὲ
1661 3768 1853 3834 molto
1900 3769 2178 3834 officioso
2224 3768 2287 3833 al
2331 3767 2459 3833 bon
2506 3791 2689 3833 nome
2736 3791 2918 3834 verso

256 3873 385 3939 Sua
431 3873 691 3939 Santita.
797 3882 860 3939 et
918 3876 1095 3962 sapia
1155 3875 1230 3938 V.
1279 3875 1339 3941 S.
1389 3875 1547 3956 Bm,
1609 3883 2023 3963 quantunque
2080 3884 2297 3961 queste
2358 3898 2500 3941 cose
2553 3899 2793 3963 parano
2851 3876 2916 3940 di

253 4003 416 4067 poco
464 3989 779 4046 momento
825 3989 889 4046 et
936 4003 1062 4046 non
1109 3980 1387 4067 sogliano
1433 4005 1635 4046 essere
1685 3982 2096 4062 considerate,
2143 3982 2523 4046 nondimeno
2569 3981 2684 4047 che
2731 4005 2918 4069 sopra

253 4088 444 4152 modo
489 4089 846 4174 importano
893 4087 994 4151 all’
1042 4088 1275 4153 honore
1320 4089 1384 4153 di
1417 4089 1625 4176 quella
1655 4097 1878 4154 sancta
1923 4088 2070 4153 sede
2101 4088 2479 4175 apostolica3
2526 4099 2590 4154 et
2633 4089 2916 4176 supplico

161 4206 237 4259 35
255 4192 466 4281 quella
509 4194 623 4260 che
668 4196 734 4261 di
781 4197 879 4261 cio
925 4194 1137 4283 voglia
1169 4194 1329 4261 bene
1373 4196 1734 4261 advertirne
1781 4196 1911 4261 Sua
1944 4195 2207 4262 Santita.
2284 4220 2404 4262 con
2437 4205 2658 4283 questo
2703 4196 2915 4283 gentil'

404 4497 445 4565 ¹)
483 4498 559 4551 In
587 4499 861 4553 Piacenza
888 4501 1152 4554 verweilte
1180 4499 1278 4554 der
1309 4499 1482 4569 Papst
1509 4530 1580 4538 —
1605 4502 1752 4555 nach
1779 4501 2028 4555 Ausweis
2056 4501 2154 4555 der
2179 4500 2394 4554 Brevem
2422 4527 2484 4537 —
2517 4518 2633 4554 rom
2662 4503 2732 4554 17
2749 4499 2920 4569 April

300 4589 311 4601 '
374 4593 410 4641 3
446 4590 589 4643 Μαί.

254 4589 339 4643 ¹²²3
401 4676 445 4743 ²)
484 4677 537 4732 S.
575 4694 621 4732 ο.
659 4696 773 4733 nrr.
815 4682 883 4732 75
917 4697 974 4733 u.
1011 4683 1118 4745 82,·
1153 4682 1256 4747 vyl.
1308 4679 1723 4733 Winokelmann
1762 4698 1812 4734 (ι.
1852 4699 1902 4734 a.
1945 4679 2006 4734 0.
2044 4679 2100 4735 S.
2139 4683 2246 4732 476
2258 4682 2317 4746 ff.
2355 4695 2442 4732 Μ’.
2480 4683 2601 4735 496.

163 4766 237 4819 40
402 4766 446 4839 ³)
483 4768 617 4822 Low
652 4785 759 4822 von
794 4768 1150 4841 Rosenbery?
