<?xml version="1.0" encoding="UTF-8"?>
<!DOCTYPE html PUBLIC "-//W3C//DTD XHTML 1.0 Transitional//EN"
    "http://www.w3.org/TR/xhtml1/DTD/xhtml1-transitional.dtd">
<html xmlns="http://www.w3.org/1999/xhtml" xml:lang="en" lang="en">
 <head>
  <title>
</title>
<meta http-equiv="Content-Type" content="text/html;charset=utf-8" />
  <meta name='ocr-system' content='tesseract 3.04.00' />
  <meta name='ocr-capabilities' content='ocr_page ocr_carea ocr_par ocr_line ocrx_word'/>
</head>
<body>
  <div class='ocr_page' id='page_1' title='image "./nuntiaturberich02deugoog_0759.png"; bbox 0 0 3500 5300; ppageno 0'>
   <div class='ocr_carea' id='block_1_1' title="bbox 317 537 548 662">
    <p class='ocr_par' dir='ltr' id='par_1_1' title="bbox 317 537 548 662">
     <span class='ocr_line' id='line_1_1' title="bbox 353 537 496 589; baseline 0 0"><span class='ocrx_word' id='word_1_1' title='bbox 353 537 496 589; x_wconf 86' lang='lat'><strong><em>1536</em></strong></span> 
     </span>
     <span class='ocr_line' id='line_1_2' title="bbox 317 608 548 662; baseline -0.004 -3"><span class='ocrx_word' id='word_1_2' title='bbox 317 608 436 662; x_wconf 81' lang='lat' dir='ltr'><strong>okt.</strong></span> <span class='ocrx_word' id='word_1_3' title='bbox 474 610 548 661; x_wconf 74' lang='lat'><strong>24</strong></span> 
     </span>
    </p>
   </div>
   <div class='ocr_carea' id='block_1_2' title="bbox 564 333 2290 395">
    <p class='ocr_par' dir='ltr' id='par_1_2' title="bbox 564 333 2290 395">
     <span class='ocr_line' id='line_1_3' title="bbox 564 333 2290 395; baseline -0.003 0"><span class='ocrx_word' id='word_1_4' title='bbox 564 333 638 395; x_wconf 80' lang='grc'><strong>62</strong></span> <span class='ocrx_word' id='word_1_5' title='bbox 1516 335 1615 391; x_wconf 86' lang='lat' dir='ltr'><strong>No.</strong></span> <span class='ocrx_word' id='word_1_6' title='bbox 1653 337 1717 390; x_wconf 84' lang='lat'><strong>3:</strong></span> <span class='ocrx_word' id='word_1_7' title='bbox 1757 335 1897 390; x_wconf 78' lang='lat'>1536</span> <span class='ocrx_word' id='word_1_8' title='bbox 1933 333 2168 390; x_wconf 79' lang='lat' dir='ltr'><strong>Oktober</strong></span> <span class='ocrx_word' id='word_1_9' title='bbox 2203 335 2290 389; x_wconf 80' lang='lat'><strong>24.</strong></span> 
     </span>
    </p>
   </div>
   <div class='ocr_carea' id='block_1_3' title="bbox 568 531 3355 4589">
    <p class='ocr_par' dir='ltr' id='par_1_3' title="bbox 568 531 3330 1369">
     <span class='ocr_line' id='line_1_4' title="bbox 746 531 3245 618; baseline -0.001 -21"><span class='ocrx_word' id='word_1_10' title='bbox 746 532 901 598; x_wconf 85' lang='lat' dir='ltr'><strong>Post</strong></span> <span class='ocrx_word' id='word_1_11' title='bbox 944 533 1426 599; x_wconf 81' lang='lat' dir='ltr'><strong>instructionem</strong></span> <span class='ocrx_word' id='word_1_12' title='bbox 1487 532 1701 597; x_wconf 83' lang='lat' dir='ltr'><strong>datam</strong></span> <span class='ocrx_word' id='word_1_13' title='bbox 1766 533 2023 598; x_wconf 89' lang='lat' dir='ltr'><strong>domino</strong></span> <span class='ocrx_word' id='word_1_14' title='bbox 2083 533 2378 618; x_wconf 90' lang='lat' dir='ltr'><strong>episcopo</strong></span> <span class='ocrx_word' id='word_1_15' title='bbox 2427 531 2740 610; x_wconf 90' lang='lat' dir='ltr'><strong>Mutinae,</strong></span> <span class='ocrx_word' id='word_1_16' title='bbox 2803 532 3039 596; x_wconf 89' lang='lat' dir='ltr'><strong>nuncio</strong></span> <span class='ocrx_word' id='word_1_17' title='bbox 3089 553 3245 618; x_wconf 90' lang='lat' dir='ltr'><strong>apo-</strong></span> 
     </span>
     <span class='ocr_line' id='line_1_5' title="bbox 570 637 3247 727; baseline -0.001 -22"><span class='ocrx_word' id='word_1_18' title='bbox 570 639 786 705; x_wconf 86' lang='lat' dir='ltr'><strong>stolico</strong></span> <span class='ocrx_word' id='word_1_19' title='bbox 831 641 912 705; x_wconf 91' lang='lat' dir='ltr'><strong>ad</strong></span> <span class='ocrx_word' id='word_1_20' title='bbox 961 641 1192 707; x_wconf 84' lang='lat' dir='ltr'><strong>Ser¹¹¹¹²¹¹¹</strong></span> <span class='ocrx_word' id='word_1_21' title='bbox 1240 641 1668 705; x_wconf 88' lang='lat' dir='ltr'><strong>Romanorum</strong></span> <span class='ocrx_word' id='word_1_22' title='bbox 1729 663 1942 727; x_wconf 83' lang='lat' dir='ltr'><strong>regem</strong></span> <span class='ocrx_word' id='word_1_23' title='bbox 2003 639 2348 721; x_wconf 89' lang='lat' dir='ltr'><strong>destinato,</strong></span> <span class='ocrx_word' id='word_1_24' title='bbox 2410 637 2566 702; x_wconf 89' lang='lat' dir='ltr'><strong>haec</strong></span> <span class='ocrx_word' id='word_1_25' title='bbox 2613 637 2911 702; x_wconf 81' lang='lat' dir='ltr'><strong>videntur</strong></span> <span class='ocrx_word' id='word_1_26' title='bbox 2955 638 3247 702; x_wconf 89' lang='lat' dir='ltr'><strong>animad-</strong></span> 
     </span>
     <span class='ocr_line' id='line_1_6' title="bbox 568 745 3247 835; baseline -0.001 -22"><span class='ocrx_word' id='word_1_27' title='bbox 568 748 907 831; x_wconf 85' lang='lat' dir='ltr'><strong>vertenda,</strong></span> <span class='ocrx_word' id='word_1_28' title='bbox 957 769 1120 835; x_wconf 87' lang='lat' dir='ltr'><strong>quae</strong></span> <span class='ocrx_word' id='word_1_29' title='bbox 1165 747 1301 833; x_wconf 86' lang='lat' dir='ltr'><strong>ipse</strong></span> <span class='ocrx_word' id='word_1_30' title='bbox 1345 768 1539 833; x_wconf 90' lang='lat' dir='ltr'><strong>penes</strong></span> <span class='ocrx_word' id='word_1_31' title='bbox 1585 770 1650 812; x_wconf 88' lang='lat' dir='ltr'><strong>se</strong></span> <span class='ocrx_word' id='word_1_32' title='bbox 1696 746 1762 811; x_wconf 91' lang='lat' dir='ltr'><strong>in</strong></span> <span class='ocrx_word' id='word_1_33' title='bbox 1809 748 2059 811; x_wconf 89' lang='lat' dir='ltr'><strong>arcanis</strong></span> <span class='ocrx_word' id='word_1_34' title='bbox 2105 745 2352 811; x_wconf 85' lang='lat' dir='ltr'><strong>habeat.</strong></span> <span class='ocrx_word' id='word_1_35' title='bbox 2445 746 2736 832; x_wconf 88' lang='lat' dir='ltr'><strong>quamvis</strong></span> <span class='ocrx_word' id='word_1_36' title='bbox 2793 747 2962 809; x_wconf 90' lang='lat' dir='ltr'><strong>enim</strong></span> <span class='ocrx_word' id='word_1_37' title='bbox 3010 745 3247 810; x_wconf 65' lang='lat' dir='ltr'><strong>San-²⁰³</strong></span> 
     </span>
     <span class='ocr_line' id='line_1_7' title="bbox 570 850 3247 940; baseline -0.001 -21"><span class='ocrx_word' id='word_1_38' title='bbox 570 855 885 920; x_wconf 78' lang='lat' dir='ltr'>Dominus</span> <span class='ocrx_word' id='word_1_39' title='bbox 928 854 1158 920; x_wconf 79' lang='lat' dir='ltr'><strong>Noster</strong></span> <span class='ocrx_word' id='word_1_40' title='bbox 1215 855 1280 917; x_wconf 88' lang='lat' dir='ltr'><strong>in</strong></span> <span class='ocrx_word' id='word_1_41' title='bbox 1344 855 1480 940; x_wconf 89' lang='lat' dir='ltr'><strong>ejus</strong></span> <span class='ocrx_word' id='word_1_42' title='bbox 1538 856 1792 940; x_wconf 87' lang='lat' dir='ltr'><strong>ingenio</strong></span> <span class='ocrx_word' id='word_1_43' title='bbox 1839 862 1900 920; x_wconf 91' lang='lat' dir='ltr'><strong>et</strong></span> <span class='ocrx_word' id='word_1_44' title='bbox 1947 852 2278 940; x_wconf 88' lang='lat' dir='ltr'><strong>prudentia</strong></span> <span class='ocrx_word' id='word_1_45' title='bbox 2328 850 2671 938; x_wconf 86' lang='lat' dir='ltr'><strong>plurimum</strong></span> <span class='ocrx_word' id='word_1_46' title='bbox 2716 853 3111 939; x_wconf 79' lang='lat' dir='ltr'><strong>acquiescat,</strong></span> <span class='ocrx_word' id='word_1_47' title='bbox 3173 858 3247 915; x_wconf 90' lang='lat' dir='ltr'><strong>ut</strong></span> 
     </span>
     <span class='ocr_line' id='line_1_8' title="bbox 570 957 3330 1047; baseline -0.001 -20"><span class='ocrx_word' id='word_1_48' title='bbox 570 963 790 1027; x_wconf 87' lang='lat' dir='ltr'><strong>merito</strong></span> <span class='ocrx_word' id='word_1_49' title='bbox 836 962 914 1027; x_wconf 90' lang='lat' dir='ltr'><strong>de</strong></span> <span class='ocrx_word' id='word_1_50' title='bbox 961 984 1035 1027; x_wconf 91' lang='lat' dir='ltr'><strong>eo</strong></span> <span class='ocrx_word' id='word_1_51' title='bbox 1068 961 1281 1026; x_wconf 90' lang='lat' dir='ltr'><strong>dicere</strong></span> <span class='ocrx_word' id='word_1_52' title='bbox 1312 963 1539 1047; x_wconf 88' lang='lat' dir='ltr'><strong>possit:</strong></span> <span class='ocrx_word' id='word_1_53' title='bbox 1590 962 1766 1026; x_wconf 87' lang='lat' dir='ltr'><strong>mitte</strong></span> <span class='ocrx_word' id='word_1_54' title='bbox 1798 962 2145 1047; x_wconf 76' lang='lat' dir='ltr'><strong>sapientem</strong></span> <span class='ocrx_word' id='word_1_55' title='bbox 2192 968 2256 1024; x_wconf 92' lang='lat' dir='ltr'><strong>et</strong></span> <span class='ocrx_word' id='word_1_56' title='bbox 2301 957 2455 1024; x_wconf 89' lang='lat' dir='ltr'><strong>nihil</strong></span> <span class='ocrx_word' id='word_1_57' title='bbox 2500 961 2559 1024; x_wconf 91' lang='lat' dir='ltr'><strong>ei</strong></span> <span class='ocrx_word' id='word_1_58' title='bbox 2605 960 2800 1042; x_wconf 76' lang='lat' dir='ltr'><strong>dicae,</strong></span> <span class='ocrx_word' id='word_1_59' title='bbox 2848 961 3000 1046; x_wconf 89' lang='lat' dir='ltr'><strong>quia</strong></span> <span class='ocrx_word' id='word_1_60' title='bbox 3028 968 3244 1023; x_wconf 88' lang='lat' dir='ltr'><strong>tamen</strong></span> <span class='ocrx_word' id='word_1_61' title='bbox 3299 970 3330 1021; x_wconf 85' lang='lat'>5</span> 
     </span>
     <span class='ocr_line' id='line_1_9' title="bbox 569 1068 3248 1155; baseline -0.001 -21"><span class='ocrx_word' id='word_1_62' title='bbox 569 1071 634 1134; x_wconf 90' lang='lat' dir='ltr'><strong>in</strong></span> <span class='ocrx_word' id='word_1_63' title='bbox 681 1070 855 1135; x_wconf 90' lang='lat' dir='ltr'><strong>omni</strong></span> <span class='ocrx_word' id='word_1_64' title='bbox 904 1070 1166 1155; x_wconf 89' lang='lat' dir='ltr'><strong>negocio</strong></span> <span class='ocrx_word' id='word_1_65' title='bbox 1211 1069 1387 1154; x_wconf 89' lang='lat' dir='ltr'><strong>prius</strong></span> <span class='ocrx_word' id='word_1_66' title='bbox 1451 1077 1546 1132; x_wconf 89' lang='lat' dir='ltr'><strong>est</strong></span> <span class='ocrx_word' id='word_1_67' title='bbox 1591 1069 1723 1155; x_wconf 86' lang='lat' dir='ltr'><strong>spei</strong></span> <span class='ocrx_word' id='word_1_68' title='bbox 1770 1068 2196 1134; x_wconf 85' lang='lat' dir='ltr'><strong>rudimentum</strong></span> <span class='ocrx_word' id='word_1_69' title='bbox 2246 1089 2439 1154; x_wconf 89' lang='lat' dir='ltr'><strong>quam</strong></span> <span class='ocrx_word' id='word_1_70' title='bbox 2495 1068 2586 1131; x_wconf 89' lang='lat' dir='ltr'><strong>rei</strong></span> <span class='ocrx_word' id='word_1_71' title='bbox 2630 1068 3134 1153; x_wconf 84' lang='lat' dir='ltr'><strong>experimentum</strong></span> <span class='ocrx_word' id='word_1_72' title='bbox 3181 1076 3248 1131; x_wconf 90' lang='lat' dir='ltr'><strong>et</strong></span> 
     </span>
     <span class='ocr_line' id='line_1_10' title="bbox 572 1174 3248 1262; baseline -0.001 -21"><span class='ocrx_word' id='word_1_73' title='bbox 572 1177 863 1242; x_wconf 90' lang='lat' dir='ltr'><strong>dominus</strong></span> <span class='ocrx_word' id='word_1_74' title='bbox 924 1177 1197 1241; x_wconf 90' lang='lat' dir='ltr'><strong>nuncius</strong></span> <span class='ocrx_word' id='word_1_75' title='bbox 1257 1176 1340 1240; x_wconf 90' lang='lat' dir='ltr'><strong>ad</strong></span> <span class='ocrx_word' id='word_1_76' title='bbox 1416 1175 1530 1239; x_wconf 89' lang='lat' dir='ltr'><strong>has</strong></span> <span class='ocrx_word' id='word_1_77' title='bbox 1592 1198 1693 1240; x_wconf 88' lang='lat' dir='ltr'><strong>res</strong></span> <span class='ocrx_word' id='word_1_78' title='bbox 1751 1174 2233 1262; x_wconf 86' lang='lat' dir='ltr'><strong>pertractandas</strong></span> <span class='ocrx_word' id='word_1_79' title='bbox 2292 1197 2494 1240; x_wconf 82' lang='lat' dir='ltr'><strong>novus</strong></span> <span class='ocrx_word' id='word_1_80' title='bbox 2561 1174 2840 1256; x_wconf 87' lang='lat' dir='ltr'><strong>accedit,</strong></span> <span class='ocrx_word' id='word_1_81' title='bbox 2910 1181 3248 1260; x_wconf 80' lang='lat' dir='ltr'><strong>eapropter</strong></span> 
     </span>
     <span class='ocr_line' id='line_1_11' title="bbox 573 1281 3166 1369; baseline -0 -21"><span class='ocrx_word' id='word_1_82' title='bbox 573 1284 888 1348; x_wconf 80' lang='lat' dir='ltr'><strong>Sanctitas</strong></span> <span class='ocrx_word' id='word_1_83' title='bbox 933 1283 1065 1366; x_wconf 66' lang='lat' dir='ltr'><strong>Sua</strong></span> <span class='ocrx_word' id='word_1_84' title='bbox 1110 1281 1308 1348; x_wconf 85' lang='lat' dir='ltr'><strong>voluit</strong></span> <span class='ocrx_word' id='word_1_85' title='bbox 1354 1305 1499 1347; x_wconf 89' lang='lat' dir='ltr'><strong>eum</strong></span> <span class='ocrx_word' id='word_1_86' title='bbox 1547 1284 1735 1346; x_wconf 83' lang='lat' dir='ltr'><strong>etiam</strong></span> <span class='ocrx_word' id='word_1_87' title='bbox 1783 1281 1863 1347; x_wconf 91' lang='lat' dir='ltr'><strong>de</strong></span> <span class='ocrx_word' id='word_1_88' title='bbox 1910 1281 2006 1347; x_wconf 93' lang='lat' dir='ltr'><strong>his</strong></span> <span class='ocrx_word' id='word_1_89' title='bbox 2054 1305 2217 1369; x_wconf 86' lang='lat' dir='ltr'><strong>quae</strong></span> <span class='ocrx_word' id='word_1_90' title='bbox 2263 1289 2562 1346; x_wconf 89' lang='lat' dir='ltr'><strong>secuntur</strong></span> <span class='ocrx_word' id='word_1_91' title='bbox 2607 1283 3166 1347; x_wconf 86' lang='lat' dir='ltr'><strong>commonefacere.</strong></span> 
     </span>
    </p>

    <p class='ocr_par' dir='ltr' id='par_1_4' title="bbox 576 1388 3344 2335">
     <span class='ocr_line' id='line_1_12' title="bbox 753 1388 3246 1476; baseline -0.001 -22"><span class='ocrx_word' id='word_1_92' title='bbox 753 1389 967 1469; x_wconf 83' lang='lat' dir='ltr'><strong>Quum</strong></span> <span class='ocrx_word' id='word_1_93' title='bbox 1026 1396 1289 1476; x_wconf 86' lang='lat' dir='ltr'><strong>propter</strong></span> <span class='ocrx_word' id='word_1_94' title='bbox 1346 1389 1749 1454; x_wconf 86' lang='lat' dir='ltr'><strong>durissimam</strong></span> <span class='ocrx_word' id='word_1_95' title='bbox 1821 1388 2044 1455; x_wconf 87' lang='lat' dir='ltr'><strong>horum</strong></span> <span class='ocrx_word' id='word_1_96' title='bbox 2101 1397 2458 1475; x_wconf 89' lang='lat' dir='ltr'><strong>temporum</strong></span> <span class='ocrx_word' id='word_1_97' title='bbox 2533 1388 2958 1453; x_wconf 88' lang='lat' dir='ltr'><strong>conditionem</strong></span> <span class='ocrx_word' id='word_1_98' title='bbox 3031 1390 3246 1453; x_wconf 85' lang='lat' dir='ltr'><strong>omnia</strong></span> 
     </span>
     <span class='ocr_line' id='line_1_13' title="bbox 576 1494 3336 1584; baseline -0.001 -23"><span class='ocrx_word' id='word_1_99' title='bbox 576 1496 813 1583; x_wconf 91' lang='lat' dir='ltr'><strong>ubique</strong></span> <span class='ocrx_word' id='word_1_100' title='bbox 882 1498 1006 1561; x_wconf 89' lang='lat' dir='ltr'><strong>sint</strong></span> <span class='ocrx_word' id='word_1_101' title='bbox 1073 1495 1256 1562; x_wconf 87' lang='lat' dir='ltr'><strong>solito</strong></span> <span class='ocrx_word' id='word_1_102' title='bbox 1324 1505 1388 1561; x_wconf 90' lang='lat' dir='ltr'><strong>et</strong></span> <span class='ocrx_word' id='word_1_103' title='bbox 1456 1519 1657 1584; x_wconf 87' lang='lat' dir='ltr'><strong>aequo</strong></span> <span class='ocrx_word' id='word_1_104' title='bbox 1718 1498 1964 1562; x_wconf 88' lang='lat' dir='ltr'><strong>cariora</strong></span> <span class='ocrx_word' id='word_1_105' title='bbox 2031 1504 2094 1561; x_wconf 88' lang='lat' dir='ltr'><strong>et</strong></span> <span class='ocrx_word' id='word_1_106' title='bbox 2163 1496 2281 1561; x_wconf 88' lang='lat' dir='ltr'><strong>hac</strong></span> <span class='ocrx_word' id='word_1_107' title='bbox 2350 1496 2415 1560; x_wconf 94' lang='lat' dir='ltr'><strong>in</strong></span> <span class='ocrx_word' id='word_1_108' title='bbox 2476 1503 2656 1584; x_wconf 88' lang='lat' dir='ltr'><strong>parte</strong></span> <span class='ocrx_word' id='word_1_109' title='bbox 2724 1494 2912 1583; x_wconf 88' lang='lat' dir='ltr'><strong>longe</strong></span> <span class='ocrx_word' id='word_1_110' title='bbox 2970 1496 3249 1560; x_wconf 85' lang='lat' dir='ltr'><strong>deterius</strong></span> <span class='ocrx_word' id='word_1_111' title='bbox 3273 1508 3336 1560; x_wconf 84' lang='lat'><strong>10</strong></span> 
     </span>
     <span class='ocr_line' id='line_1_14' title="bbox 576 1601 3248 1691; baseline -0.001 -21"><span class='ocrx_word' id='word_1_112' title='bbox 576 1612 928 1670; x_wconf 86' lang='lat' dir='ltr'><strong>tractentur</strong></span> <span class='ocrx_word' id='word_1_113' title='bbox 985 1603 1293 1670; x_wconf 85' lang='lat' dir='ltr'><strong>Catholici</strong></span> <span class='ocrx_word' id='word_1_114' title='bbox 1364 1612 1428 1669; x_wconf 92' lang='lat' dir='ltr'><strong>et</strong></span> <span class='ocrx_word' id='word_1_115' title='bbox 1495 1605 1540 1668; x_wconf 94' lang='lat' dir='ltr'><strong>ii</strong></span> <span class='ocrx_word' id='word_1_116' title='bbox 1585 1606 1958 1691; x_wconf 87' lang='lat' dir='ltr'><strong>praesertim</strong></span> <span class='ocrx_word' id='word_1_117' title='bbox 2028 1605 2136 1691; x_wconf 90' lang='lat' dir='ltr'><strong>qui</strong></span> <span class='ocrx_word' id='word_1_118' title='bbox 2206 1604 2371 1668; x_wconf 87' lang='lat' dir='ltr'><strong>sedis</strong></span> <span class='ocrx_word' id='word_1_119' title='bbox 2423 1601 2806 1691; x_wconf 88' lang='lat' dir='ltr'><strong>apostolicae</strong></span> <span class='ocrx_word' id='word_1_120' title='bbox 2865 1605 3114 1668; x_wconf 86' lang='lat' dir='ltr'><strong>nomine</strong></span> <span class='ocrx_word' id='word_1_121' title='bbox 3179 1604 3248 1667; x_wconf 91' lang='lat' dir='ltr'><strong>in</strong></span> 
     </span>
     <span class='ocr_line' id='line_1_15' title="bbox 577 1710 3255 1798; baseline -0.002 -20"><span class='ocrx_word' id='word_1_122' title='bbox 577 1711 924 1778; x_wconf 85' lang='lat' dir='ltr'><strong>Germania</strong></span> <span class='ocrx_word' id='word_1_123' title='bbox 983 1710 1106 1777; x_wconf 91' lang='lat' dir='ltr'><strong>hac</strong></span> <span class='ocrx_word' id='word_1_124' title='bbox 1167 1719 1541 1798; x_wconf 84' lang='lat' dir='ltr'><strong>tempestate</strong></span> <span class='ocrx_word' id='word_1_125' title='bbox 1587 1719 1788 1798; x_wconf 86' lang='lat' dir='ltr'><strong>agunt</strong></span> <span class='ocrx_word' id='word_1_126' title='bbox 1800 1762 1818 1795; x_wconf 93' lang='lat'><strong>,</strong></span> <span class='ocrx_word' id='word_1_127' title='bbox 1881 1711 2119 1777; x_wconf 90' lang='lat' dir='ltr'><strong>idcirco</strong></span> <span class='ocrx_word' id='word_1_128' title='bbox 2179 1711 2472 1776; x_wconf 89' lang='lat' dir='ltr'><strong>dominus</strong></span> <span class='ocrx_word' id='word_1_129' title='bbox 2531 1712 2802 1776; x_wconf 88' lang='lat' dir='ltr'><strong>nuncius</strong></span> <span class='ocrx_word' id='word_1_130' title='bbox 2860 1711 3070 1775; x_wconf 86' lang='lat' dir='ltr'><strong>omnia</strong></span> <span class='ocrx_word' id='word_1_131' title='bbox 3133 1711 3255 1774; x_wconf 85' lang='lat' dir='ltr'><strong>ista</strong></span> 
     </span>
     <span class='ocr_line' id='line_1_16' title="bbox 577 1818 3252 1906; baseline 0 -25"><span class='ocrx_word' id='word_1_132' title='bbox 577 1818 923 1904; x_wconf 88' lang='lat' dir='ltr'><strong>prudenter</strong></span> <span class='ocrx_word' id='word_1_133' title='bbox 967 1820 1363 1906; x_wconf 89' lang='lat' dir='ltr'><strong>perpendens</strong></span> <span class='ocrx_word' id='word_1_134' title='bbox 1409 1821 1498 1884; x_wconf 84' lang='lat' dir='ltr'><strong>ita</strong></span> <span class='ocrx_word' id='word_1_135' title='bbox 1545 1819 1710 1884; x_wconf 88' lang='lat' dir='ltr'><strong>sedis</strong></span> <span class='ocrx_word' id='word_1_136' title='bbox 1756 1818 2136 1906; x_wconf 87' lang='lat' dir='ltr'><strong>apostolicae</strong></span> <span class='ocrx_word' id='word_1_137' title='bbox 2182 1842 2374 1885; x_wconf 89' lang='lat' dir='ltr'><strong>onera</strong></span> <span class='ocrx_word' id='word_1_138' title='bbox 2433 1826 2496 1883; x_wconf 90' lang='lat' dir='ltr'><strong>et</strong></span> <span class='ocrx_word' id='word_1_139' title='bbox 2540 1842 2686 1883; x_wconf 83' lang='lat' dir='ltr'><strong>suas</strong></span> <span class='ocrx_word' id='word_1_140' title='bbox 2731 1820 2930 1905; x_wconf 89' lang='lat' dir='ltr'><strong>ipsius</strong></span> <span class='ocrx_word' id='word_1_141' title='bbox 2974 1819 3141 1883; x_wconf 82' lang='lat' dir='ltr'><strong>vires</strong></span> <span class='ocrx_word' id='word_1_142' title='bbox 3182 1819 3252 1882; x_wconf 94' lang='lat' dir='ltr'><strong>in</strong></span> 
     </span>
     <span class='ocr_line' id='line_1_17' title="bbox 579 1925 3258 2013; baseline 0 -24"><span class='ocrx_word' id='word_1_143' title='bbox 579 1926 1000 2011; x_wconf 89' lang='lat' dir='ltr'><strong>expendendo</strong></span> <span class='ocrx_word' id='word_1_144' title='bbox 1049 1928 1347 1993; x_wconf 88' lang='lat' dir='ltr'><strong>metiatur</strong></span> <span class='ocrx_word' id='word_1_145' title='bbox 1405 1935 1474 1991; x_wconf 91' lang='lat' dir='ltr'><strong>ut</strong></span> <span class='ocrx_word' id='word_1_146' title='bbox 1531 1949 1612 1991; x_wconf 93' lang='lat' dir='ltr'><strong>ne</strong></span> <span class='ocrx_word' id='word_1_147' title='bbox 1672 1949 1871 2011; x_wconf 82' lang='lat' dir='ltr'><strong>grave</strong></span> <span class='ocrx_word' id='word_1_148' title='bbox 1929 1925 2188 2013; x_wconf 88' lang='lat' dir='ltr'><strong>aliquod</strong></span> <span class='ocrx_word' id='word_1_149' title='bbox 2249 1925 2525 1991; x_wconf 88' lang='lat' dir='ltr'><strong>alienum</strong></span> <span class='ocrx_word' id='word_1_150' title='bbox 2584 1949 2690 1990; x_wconf 89' lang='lat' dir='ltr'><strong>aes</strong></span> <span class='ocrx_word' id='word_1_151' title='bbox 2752 1925 3085 1991; x_wconf 87' lang='lat' dir='ltr'><strong>contrahat</strong></span> <span class='ocrx_word' id='word_1_152' title='bbox 3143 1934 3258 1991; x_wconf 86' lang='lat' dir='ltr'><strong>aut</strong></span> 
     </span>
     <span class='ocr_line' id='line_1_18' title="bbox 579 2032 3344 2121; baseline -0.001 -24"><span class='ocrx_word' id='word_1_153' title='bbox 579 2032 819 2120; x_wconf 89' lang='lat' dir='ltr'><strong>aliquid</strong></span> <span class='ocrx_word' id='word_1_154' title='bbox 865 2042 1185 2120; x_wconf 82' lang='lat' dir='ltr'><strong>perpetret</strong></span> <span class='ocrx_word' id='word_1_155' title='bbox 1230 2056 1344 2120; x_wconf 89' lang='lat' dir='ltr'><strong>per</strong></span> <span class='ocrx_word' id='word_1_156' title='bbox 1390 2057 1455 2098; x_wconf 92' lang='lat' dir='ltr'><strong>se</strong></span> <span class='ocrx_word' id='word_1_157' title='bbox 1504 2033 1603 2098; x_wconf 90' lang='lat' dir='ltr'><strong>vel</strong></span> <span class='ocrx_word' id='word_1_158' title='bbox 1650 2057 1764 2121; x_wconf 92' lang='lat' dir='ltr'><strong>per</strong></span> <span class='ocrx_word' id='word_1_159' title='bbox 1811 2058 1956 2099; x_wconf 90' lang='lat' dir='ltr'><strong>suos</strong></span> <span class='ocrx_word' id='word_1_160' title='bbox 2004 2034 2173 2101; x_wconf 91' lang='lat' dir='ltr'><strong>unde</strong></span> <span class='ocrx_word' id='word_1_161' title='bbox 2219 2057 2346 2098; x_wconf 91' lang='lat' dir='ltr'><strong>non</strong></span> <span class='ocrx_word' id='word_1_162' title='bbox 2408 2035 2607 2099; x_wconf 91' lang='lat' dir='ltr'><strong>solum</strong></span> <span class='ocrx_word' id='word_1_163' title='bbox 2656 2037 2722 2098; x_wconf 90' lang='lat' dir='ltr'><strong>in</strong></span> <span class='ocrx_word' id='word_1_164' title='bbox 2768 2057 2856 2111; x_wconf 88' lang='lat' dir='ltr'><strong>se,</strong></span> <span class='ocrx_word' id='word_1_165' title='bbox 2905 2033 3011 2097; x_wconf 90' lang='lat' dir='ltr'><strong>sed</strong></span> <span class='ocrx_word' id='word_1_166' title='bbox 3059 2035 3258 2098; x_wconf 87' lang='lat' dir='ltr'><strong>etiam</strong></span> <span class='ocrx_word' id='word_1_167' title='bbox 3285 2043 3344 2094; x_wconf 83' lang='lat'><strong>15</strong></span> 
     </span>
     <span class='ocr_line' id='line_1_19' title="bbox 583 2139 3261 2229; baseline 0 -25"><span class='ocrx_word' id='word_1_168' title='bbox 583 2143 647 2204; x_wconf 91' lang='lat' dir='ltr'><strong>in</strong></span> <span class='ocrx_word' id='word_1_169' title='bbox 696 2139 907 2205; x_wconf 88' lang='lat' dir='ltr'><strong>sedem</strong></span> <span class='ocrx_word' id='word_1_170' title='bbox 957 2139 1367 2227; x_wconf 88' lang='lat' dir='ltr'><strong>apostolicam</strong></span> <span class='ocrx_word' id='word_1_171' title='bbox 1430 2142 1636 2229; x_wconf 86' lang='lat' dir='ltr'><strong>majus</strong></span> <span class='ocrx_word' id='word_1_172' title='bbox 1682 2165 1874 2229; x_wconf 89' lang='lat' dir='ltr'><strong>quam</strong></span> <span class='ocrx_word' id='word_1_173' title='bbox 1917 2151 2013 2207; x_wconf 89' lang='lat' dir='ltr'><strong>est</strong></span> <span class='ocrx_word' id='word_1_174' title='bbox 2059 2142 2274 2207; x_wconf 90' lang='lat' dir='ltr'><strong>odium</strong></span> <span class='ocrx_word' id='word_1_175' title='bbox 2338 2143 2642 2222; x_wconf 89' lang='lat' dir='ltr'><strong>concitet,</strong></span> <span class='ocrx_word' id='word_1_176' title='bbox 2712 2140 2886 2227; x_wconf 90' lang='lat' dir='ltr'><strong>quod</strong></span> <span class='ocrx_word' id='word_1_177' title='bbox 2941 2139 3261 2205; x_wconf 89' lang='lat' dir='ltr'><strong>nonnullis</strong></span> 
     </span>
     <span class='ocr_line' id='line_1_20' title="bbox 589 2246 1652 2335; baseline 0.001 -24"><span class='ocrx_word' id='word_1_178' title='bbox 589 2246 689 2311; x_wconf 90' lang='lat' dir='ltr'><strong>vel</strong></span> <span class='ocrx_word' id='word_1_179' title='bbox 736 2251 1028 2334; x_wconf 86' lang='lat' dir='ltr'><strong>proximo</strong></span> <span class='ocrx_word' id='word_1_180' title='bbox 1076 2256 1358 2335; x_wconf 88' lang='lat' dir='ltr'><strong>tempore</strong></span> <span class='ocrx_word' id='word_1_181' title='bbox 1404 2248 1652 2314; x_wconf 79' lang='lat' dir='ltr'><strong>accidit.</strong></span> 
     </span>
    </p>

    <p class='ocr_par' dir='ltr' id='par_1_5' title="bbox 589 2353 3355 3281">
     <span class='ocr_line' id='line_1_21' title="bbox 766 2353 3260 2442; baseline -0 -23"><span class='ocrx_word' id='word_1_182' title='bbox 766 2356 964 2440; x_wconf 91' lang='lat' dir='ltr'><strong>Apud</strong></span> <span class='ocrx_word' id='word_1_183' title='bbox 1023 2378 1340 2442; x_wconf 89' lang='lat' dir='ltr'><strong>caupones</strong></span> <span class='ocrx_word' id='word_1_184' title='bbox 1386 2353 1675 2441; x_wconf 89' lang='lat' dir='ltr'><strong>publicos</strong></span> <span class='ocrx_word' id='word_1_185' title='bbox 1732 2357 1783 2419; x_wconf 88' lang='lat' dir='ltr'><strong>si</strong></span> <span class='ocrx_word' id='word_1_186' title='bbox 1848 2379 1971 2420; x_wconf 89' lang='lat' dir='ltr'><strong>non</strong></span> <span class='ocrx_word' id='word_1_187' title='bbox 2032 2358 2289 2421; x_wconf 91' lang='lat' dir='ltr'><strong>omnino</strong></span> <span class='ocrx_word' id='word_1_188' title='bbox 2349 2354 2617 2421; x_wconf 87' lang='lat' dir='ltr'><strong>multum</strong></span> <span class='ocrx_word' id='word_1_189' title='bbox 2681 2354 2991 2437; x_wconf 89' lang='lat' dir='ltr'><strong>liberalis,</strong></span> <span class='ocrx_word' id='word_1_190' title='bbox 3037 2354 3260 2419; x_wconf 86' lang='lat' dir='ltr'><strong>saltem</strong></span> 
     </span>
     <span class='ocr_line' id='line_1_22' title="bbox 599 2461 3262 2549; baseline -0 -23"><span class='ocrx_word' id='word_1_191' title='bbox 599 2485 725 2526; x_wconf 92' lang='lat' dir='ltr'><strong>non</strong></span> <span class='ocrx_word' id='word_1_192' title='bbox 774 2464 951 2527; x_wconf 88' lang='lat' dir='ltr'><strong>avari</strong></span> <span class='ocrx_word' id='word_1_193' title='bbox 999 2484 1224 2525; x_wconf 87' lang='lat' dir='ltr'><strong>nomen</strong></span> <span class='ocrx_word' id='word_1_194' title='bbox 1272 2468 1415 2547; x_wconf 89' lang='lat' dir='ltr'><strong>post</strong></span> <span class='ocrx_word' id='word_1_195' title='bbox 1460 2485 1524 2525; x_wconf 90' lang='lat' dir='ltr'><strong>se</strong></span> <span class='ocrx_word' id='word_1_196' title='bbox 1571 2461 1897 2549; x_wconf 88' lang='lat' dir='ltr'><strong>relinquat.</strong></span> <span class='ocrx_word' id='word_1_197' title='bbox 1992 2486 2138 2528; x_wconf 91' lang='lat' dir='ltr'><strong>cum</strong></span> <span class='ocrx_word' id='word_1_198' title='bbox 2185 2461 2537 2549; x_wconf 89' lang='lat' dir='ltr'><strong>hospitibus</strong></span> <span class='ocrx_word' id='word_1_199' title='bbox 2584 2485 2766 2543; x_wconf 86' lang='lat' dir='ltr'><strong>ver0,</strong></span> <span class='ocrx_word' id='word_1_200' title='bbox 2817 2485 2974 2548; x_wconf 87' lang='lat' dir='ltr'><strong>quos</strong></span> <span class='ocrx_word' id='word_1_201' title='bbox 3021 2462 3262 2547; x_wconf 86' lang='lat' dir='ltr'><strong>regiam</strong></span> 
     </span>
     <span class='ocr_line' id='line_1_23' title="bbox 592 2568 3354 2657; baseline -0.001 -22"><span class='ocrx_word' id='word_1_202' title='bbox 592 2568 803 2635; x_wconf 88' lang='lat' dir='ltr'><strong>aulam</strong></span> <span class='ocrx_word' id='word_1_203' title='bbox 850 2568 1240 2657; x_wconf 88' lang='lat' dir='ltr'><strong>insequendo</strong></span> <span class='ocrx_word' id='word_1_204' title='bbox 1287 2568 1681 2656; x_wconf 87' lang='lat' dir='ltr'><strong>epidemetici</strong></span> <span class='ocrx_word' id='word_1_205' title='bbox 1730 2593 1840 2634; x_wconf 90' lang='lat' dir='ltr'><strong>seu</strong></span> <span class='ocrx_word' id='word_1_206' title='bbox 1886 2570 2098 2634; x_wconf 88' lang='lat' dir='ltr'><strong>forarii</strong></span> <span class='ocrx_word' id='word_1_207' title='bbox 2145 2572 2311 2656; x_wconf 86' lang='lat' dir='ltr'><strong>regis</strong></span> <span class='ocrx_word' id='word_1_208' title='bbox 2357 2571 2413 2633; x_wconf 92' lang='lat' dir='ltr'><strong>ei</strong></span> <span class='ocrx_word' id='word_1_209' title='bbox 2463 2569 2963 2656; x_wconf 88' lang='lat' dir='ltr'><strong>adsignaverint,</strong></span> <span class='ocrx_word' id='word_1_210' title='bbox 3011 2577 3354 2656; x_wconf 65' lang='lat' dir='ltr'><strong>praeterffl]</strong></span> 
     </span>
     <span class='ocr_line' id='line_1_24' title="bbox 592 2675 3266 2765; baseline -0.001 -22"><span class='ocrx_word' id='word_1_211' title='bbox 592 2679 960 2743; x_wconf 87' lang='lat' dir='ltr'><strong>modestiam</strong></span> <span class='ocrx_word' id='word_1_212' title='bbox 1011 2701 1201 2765; x_wconf 88' lang='lat' dir='ltr'><strong>quam</strong></span> <span class='ocrx_word' id='word_1_213' title='bbox 1249 2675 1583 2762; x_wconf 83' lang='lat' dir='ltr'><strong>hospitalia</strong></span> <span class='ocrx_word' id='word_1_214' title='bbox 1628 2679 1958 2764; x_wconf 82' lang='lat' dir='ltr'><strong>requirunt</strong></span> <span class='ocrx_word' id='word_1_215' title='bbox 1991 2678 2173 2764; x_wconf 90' lang='lat' dir='ltr'><strong>jura,</strong></span> <span class='ocrx_word' id='word_1_216' title='bbox 2234 2700 2307 2742; x_wconf 87' lang='lat' dir='ltr'><strong>eo</strong></span> <span class='ocrx_word' id='word_1_217' title='bbox 2354 2698 2602 2763; x_wconf 83' lang='lat' dir='ltr'><strong>semper</strong></span> <span class='ocrx_word' id='word_1_218' title='bbox 2656 2684 3154 2763; x_wconf 87' lang='lat' dir='ltr'><strong>temperamento</strong></span> <span class='ocrx_word' id='word_1_219' title='bbox 3199 2687 3266 2740; x_wconf 91' lang='lat' dir='ltr'><strong>et</strong></span> 
     </span>
     <span class='ocr_line' id='line_1_25' title="bbox 590 2782 3264 2872; baseline -0.001 -22"><span class='ocrx_word' id='word_1_220' title='bbox 590 2785 925 2872; x_wconf 88' lang='lat' dir='ltr'><strong>prudentia</strong></span> <span class='ocrx_word' id='word_1_221' title='bbox 976 2792 1189 2849; x_wconf 89' lang='lat' dir='ltr'><strong>utatur</strong></span> <span class='ocrx_word' id='word_1_222' title='bbox 1234 2792 1303 2848; x_wconf 91' lang='lat' dir='ltr'><strong>ut</strong></span> <span class='ocrx_word' id='word_1_223' title='bbox 1350 2807 1552 2871; x_wconf 88' lang='lat' dir='ltr'><strong>neque</strong></span> <span class='ocrx_word' id='word_1_224' title='bbox 1600 2783 1933 2849; x_wconf 86' lang='lat' dir='ltr'><strong>facultates</strong></span> <span class='ocrx_word' id='word_1_225' title='bbox 1979 2807 2127 2849; x_wconf 85' lang='lat' dir='ltr'><strong>suas</strong></span> <span class='ocrx_word' id='word_1_226' title='bbox 2174 2797 2405 2849; x_wconf 90' lang='lat' dir='ltr'><strong>temere</strong></span> <span class='ocrx_word' id='word_1_227' title='bbox 2453 2782 2798 2869; x_wconf 87' lang='lat' dir='ltr'><strong>profundat</strong></span> <span class='ocrx_word' id='word_1_228' title='bbox 2843 2806 2962 2848; x_wconf 88' lang='lat' dir='ltr'><strong>nec</strong></span> <span class='ocrx_word' id='word_1_229' title='bbox 3007 2782 3264 2869; x_wconf 85' lang='lat' dir='ltr'><strong>hospitii</strong></span> 
     </span>
     <span class='ocr_line' id='line_1_26' title="bbox 589 2888 3266 2980; baseline -0.001 -21"><span class='ocrx_word' id='word_1_230' title='bbox 589 2894 889 2980; x_wconf 86' lang='lat' dir='ltr'><strong>pensione</strong></span> <span class='ocrx_word' id='word_1_231' title='bbox 935 2894 1121 2956; x_wconf 89' lang='lat' dir='ltr'><strong>nimis</strong></span> <span class='ocrx_word' id='word_1_232' title='bbox 1168 2914 1358 2977; x_wconf 88' lang='lat' dir='ltr'><strong>parce</strong></span> <span class='ocrx_word' id='word_1_233' title='bbox 1405 2891 1507 2955; x_wconf 87' lang='lat' dir='ltr'><strong>vel</strong></span> <span class='ocrx_word' id='word_1_234' title='bbox 1568 2891 1833 2956; x_wconf 87' lang='lat' dir='ltr'><strong>fortasse</strong></span> <span class='ocrx_word' id='word_1_235' title='bbox 1881 2893 2070 2954; x_wconf 90' lang='lat' dir='ltr'><strong>etiam</strong></span> <span class='ocrx_word' id='word_1_236' title='bbox 2121 2914 2522 2978; x_wconf 87' lang='lat' dir='ltr'><strong>nequaquam</strong></span> <span class='ocrx_word' id='word_1_237' title='bbox 2569 2888 2774 2954; x_wconf 84' lang='lat' dir='ltr'><strong>soluta</strong></span> <span class='ocrx_word' id='word_1_238' title='bbox 2820 2890 3140 2972; x_wconf 86' lang='lat' dir='ltr'><strong>discedat,</strong></span> <span class='ocrx_word' id='word_1_239' title='bbox 3196 2891 3266 2955; x_wconf 88' lang='lat' dir='ltr'><strong>id</strong></span> 
     </span>
     <span class='ocr_line' id='line_1_27' title="bbox 591 2996 3266 3088; baseline -0.001 -22"><span class='ocrx_word' id='word_1_240' title='bbox 591 3001 757 3088; x_wconf 90' lang='lat' dir='ltr'><strong>quod</strong></span> <span class='ocrx_word' id='word_1_241' title='bbox 807 2998 889 3064; x_wconf 88' lang='lat' dir='ltr'><strong>ab</strong></span> <span class='ocrx_word' id='word_1_242' title='bbox 938 2997 1256 3086; x_wconf 86' lang='lat' dir='ltr'><strong>aliquibus</strong></span> <span class='ocrx_word' id='word_1_243' title='bbox 1303 2999 1548 3063; x_wconf 89' lang='lat' dir='ltr'><strong>nunciis</strong></span> <span class='ocrx_word' id='word_1_244' title='bbox 1607 2998 1764 3062; x_wconf 88' lang='lat' dir='ltr'><strong>alias</strong></span> <span class='ocrx_word' id='word_1_245' title='bbox 1811 2998 2051 3062; x_wconf 87' lang='lat' dir='ltr'><strong>factum</strong></span> <span class='ocrx_word' id='word_1_246' title='bbox 2098 2996 2440 3084; x_wconf 89' lang='lat' dir='ltr'><strong>plurimum</strong></span> <span class='ocrx_word' id='word_1_247' title='bbox 2503 2999 2747 3062; x_wconf 84' lang='lat' dir='ltr'><strong>animos</strong></span> <span class='ocrx_word' id='word_1_248' title='bbox 2801 3020 3020 3063; x_wconf 91' lang='lat' dir='ltr'><strong>eorum</strong></span> <span class='ocrx_word' id='word_1_249' title='bbox 3063 3020 3266 3085; x_wconf 91' lang='lat' dir='ltr'><strong>popu—</strong></span> 
     </span>
     <span class='ocr_line' id='line_1_28' title="bbox 591 3104 3355 3192; baseline -0.001 -19"><span class='ocrx_word' id='word_1_250' title='bbox 591 3107 794 3173; x_wconf 88' lang='lat' dir='ltr'><strong>lorum</strong></span> <span class='ocrx_word' id='word_1_251' title='bbox 853 3108 920 3170; x_wconf 87' lang='lat' dir='ltr'><strong>in</strong></span> <span class='ocrx_word' id='word_1_252' title='bbox 981 3129 1095 3171; x_wconf 92' lang='lat' dir='ltr'><strong>nos</strong></span> <span class='ocrx_word' id='word_1_253' title='bbox 1157 3108 1431 3170; x_wconf 88' lang='lat' dir='ltr'><strong>irritavit</strong></span> <span class='ocrx_word' id='word_1_254' title='bbox 1489 3113 1552 3170; x_wconf 90' lang='lat' dir='ltr'><strong>et</strong></span> <span class='ocrx_word' id='word_1_255' title='bbox 1610 3107 1856 3170; x_wconf 89' lang='lat' dir='ltr'><strong>nunciis</strong></span> <span class='ocrx_word' id='word_1_256' title='bbox 1913 3104 2270 3192; x_wconf 88' lang='lat' dir='ltr'><strong>apostolicis</strong></span> <span class='ocrx_word' id='word_1_257' title='bbox 2316 3108 2423 3192; x_wconf 90' lang='lat' dir='ltr'><strong>qui</strong></span> <span class='ocrx_word' id='word_1_258' title='bbox 2483 3107 2680 3169; x_wconf 89' lang='lat' dir='ltr'><strong>secuti</strong></span> <span class='ocrx_word' id='word_1_259' title='bbox 2729 3113 2876 3170; x_wconf 88' lang='lat' dir='ltr'><strong>sunt</strong></span> <span class='ocrx_word' id='word_1_260' title='bbox 2922 3104 3355 3171; x_wconf 73' lang='lat' dir='ltr'><strong>multorum25</strong></span> 
     </span>
     <span class='ocr_line' id='line_1_29' title="bbox 592 3214 1558 3281; baseline -0.004 0"><span class='ocrx_word' id='word_1_261' title='bbox 592 3214 1137 3281; x_wconf 91' lang='lat' dir='ltr'><strong>incommodorum</strong></span> <span class='ocrx_word' id='word_1_262' title='bbox 1187 3237 1379 3279; x_wconf 86' lang='lat' dir='ltr'><strong>causa</strong></span> <span class='ocrx_word' id='word_1_263' title='bbox 1425 3214 1558 3278; x_wconf 86' lang='lat' dir='ltr'><strong>fuit.</strong></span> 
     </span>
    </p>

    <p class='ocr_par' dir='ltr' id='par_1_6' title="bbox 595 3318 3355 3924">
     <span class='ocr_line' id='line_1_30' title="bbox 770 3318 3268 3408; baseline -0.002 -21"><span class='ocrx_word' id='word_1_264' title='bbox 770 3322 869 3388; x_wconf 86' lang='lat' dir='ltr'><strong>Ne</strong></span> <span class='ocrx_word' id='word_1_265' title='bbox 914 3327 1171 3408; x_wconf 86' lang='lat' dir='ltr'><strong>spernat</strong></span> <span class='ocrx_word' id='word_1_266' title='bbox 1215 3320 1464 3385; x_wconf 89' lang='lat' dir='ltr'><strong>illorum</strong></span> <span class='ocrx_word' id='word_1_267' title='bbox 1498 3319 1874 3407; x_wconf 91' lang='lat' dir='ltr'><strong>populorum</strong></span> <span class='ocrx_word' id='word_1_268' title='bbox 1923 3318 2113 3384; x_wconf 87' lang='lat' dir='ltr'><strong>urbes</strong></span> <span class='ocrx_word' id='word_1_269' title='bbox 2159 3319 2380 3383; x_wconf 90' lang='lat' dir='ltr'><strong>domos</strong></span> <span class='ocrx_word' id='word_1_270' title='bbox 2411 3342 2693 3403; x_wconf 89' lang='lat' dir='ltr'><strong>munera,</strong></span> <span class='ocrx_word' id='word_1_271' title='bbox 2728 3342 2893 3406; x_wconf 87' lang='lat' dir='ltr'><strong>quae</strong></span> <span class='ocrx_word' id='word_1_272' title='bbox 2939 3322 2995 3383; x_wconf 90' lang='lat' dir='ltr'><strong>ei</strong></span> <span class='ocrx_word' id='word_1_273' title='bbox 3043 3321 3106 3383; x_wconf 92' lang='lat' dir='ltr'><strong>in</strong></span> <span class='ocrx_word' id='word_1_274' title='bbox 3157 3319 3268 3383; x_wconf 85' lang='lat' dir='ltr'><strong>ali-</strong></span> 
     </span>
     <span class='ocr_line' id='line_1_31' title="bbox 595 3425 3269 3520; baseline -0.002 -24"><span class='ocrx_word' id='word_1_275' title='bbox 595 3430 826 3520; x_wconf 88' lang='lat' dir='ltr'><strong>quibus</strong></span> <span class='ocrx_word' id='word_1_276' title='bbox 888 3427 1255 3493; x_wconf 89' lang='lat' dir='ltr'><strong>civitatibus</strong></span> <span class='ocrx_word' id='word_1_277' title='bbox 1314 3427 1566 3515; x_wconf 90' lang='lat' dir='ltr'><strong>publico</strong></span> <span class='ocrx_word' id='word_1_278' title='bbox 1627 3429 1881 3492; x_wconf 88' lang='lat' dir='ltr'><strong>nomine</strong></span> <span class='ocrx_word' id='word_1_279' title='bbox 1941 3427 2313 3510; x_wconf 83' lang='lat' dir='ltr'><strong>offerentur3</strong></span> <span class='ocrx_word' id='word_1_280' title='bbox 2373 3426 2658 3491; x_wconf 88' lang='lat' dir='ltr'><strong>similiter</strong></span> <span class='ocrx_word' id='word_1_281' title='bbox 2717 3433 2780 3490; x_wconf 90' lang='lat' dir='ltr'><strong>et</strong></span> <span class='ocrx_word' id='word_1_282' title='bbox 2825 3425 3069 3490; x_wconf 83' lang='lat' dir='ltr'><strong>cibaria</strong></span> <span class='ocrx_word' id='word_1_283' title='bbox 3115 3428 3269 3491; x_wconf 76' lang='lat' dir='ltr'><strong>vina</strong></span> 
     </span>
     <span class='ocr_line' id='line_1_32' title="bbox 597 3534 3268 3621; baseline -0.001 -19"><span class='ocrx_word' id='word_1_284' title='bbox 597 3538 851 3604; x_wconf 89' lang='lat' dir='ltr'><strong>habitus</strong></span> <span class='ocrx_word' id='word_1_285' title='bbox 897 3546 957 3603; x_wconf 91' lang='lat' dir='ltr'><strong>et</strong></span> <span class='ocrx_word' id='word_1_286' title='bbox 1004 3537 1215 3600; x_wconf 88' lang='lat' dir='ltr'><strong>varios</strong></span> <span class='ocrx_word' id='word_1_287' title='bbox 1261 3558 1484 3618; x_wconf 87' lang='lat' dir='ltr'><strong>mores,</strong></span> <span class='ocrx_word' id='word_1_288' title='bbox 1533 3536 1642 3600; x_wconf 91' lang='lat' dir='ltr'><strong>sed</strong></span> <span class='ocrx_word' id='word_1_289' title='bbox 1690 3536 1902 3599; x_wconf 88' lang='lat' dir='ltr'><strong>omnia</strong></span> <span class='ocrx_word' id='word_1_290' title='bbox 1951 3557 2096 3598; x_wconf 88' lang='lat' dir='ltr'><strong>cum</strong></span> <span class='ocrx_word' id='word_1_291' title='bbox 2146 3534 2480 3617; x_wconf 86' lang='lat' dir='ltr'><strong>charitate,</strong></span> <span class='ocrx_word' id='word_1_292' title='bbox 2550 3534 2878 3610; x_wconf 87' lang='lat' dir='ltr'><strong>admittat,</strong></span> <span class='ocrx_word' id='word_1_293' title='bbox 2951 3544 3012 3597; x_wconf 90' lang='lat' dir='ltr'><strong>et</strong></span> <span class='ocrx_word' id='word_1_294' title='bbox 3059 3535 3268 3621; x_wconf 80' lang='lat' dir='ltr'><strong>siquid</strong></span> 
     </span>
     <span class='ocr_line' id='line_1_33' title="bbox 599 3640 3355 3733; baseline -0.001 -23"><span class='ocrx_word' id='word_1_295' title='bbox 599 3647 918 3733; x_wconf 84' lang='lat' dir='ltr'><strong>displicet,</strong></span> <span class='ocrx_word' id='word_1_296' title='bbox 978 3643 1061 3707; x_wconf 88' lang='lat' dir='ltr'><strong>ab</strong></span> <span class='ocrx_word' id='word_1_297' title='bbox 1109 3666 1182 3707; x_wconf 92' lang='lat' dir='ltr'><strong>eo</strong></span> <span class='ocrx_word' id='word_1_298' title='bbox 1228 3646 1436 3729; x_wconf 88' lang='lat' dir='ltr'><strong>potius</strong></span> <span class='ocrx_word' id='word_1_299' title='bbox 1483 3641 1857 3707; x_wconf 87' lang='lat' dir='ltr'><strong>abstinendo</strong></span> <span class='ocrx_word' id='word_1_300' title='bbox 1903 3665 2176 3706; x_wconf 85' lang='lat' dir='ltr'><strong>errorem</strong></span> <span class='ocrx_word' id='word_1_301' title='bbox 2227 3664 2351 3705; x_wconf 90' lang='lat' dir='ltr'><strong>non</strong></span> <span class='ocrx_word' id='word_1_302' title='bbox 2401 3640 2672 3727; x_wconf 83' lang='lat' dir='ltr'><strong>probare</strong></span> <span class='ocrx_word' id='word_1_303' title='bbox 2735 3641 3030 3705; x_wconf 86' lang='lat' dir='ltr'><strong>videatur</strong></span> <span class='ocrx_word' id='word_1_304' title='bbox 3074 3653 3355 3728; x_wconf 68' lang='lat' dir='ltr'><strong>quam-²30</strong></span> 
     </span>
     <span class='ocr_line' id='line_1_34' title="bbox 602 3747 3268 3838; baseline -0.002 -21"><span class='ocrx_word' id='word_1_305' title='bbox 602 3754 829 3817; x_wconf 86' lang='lat' dir='ltr'><strong>acriter</strong></span> <span class='ocrx_word' id='word_1_306' title='bbox 875 3750 1261 3836; x_wconf 88' lang='lat' dir='ltr'><strong>increpando</strong></span> <span class='ocrx_word' id='word_1_307' title='bbox 1308 3749 1408 3814; x_wconf 87' lang='lat' dir='ltr'><strong>vel</strong></span> <span class='ocrx_word' id='word_1_308' title='bbox 1457 3749 1855 3838; x_wconf 90' lang='lat' dir='ltr'><strong>obloquendo</strong></span> <span class='ocrx_word' id='word_1_309' title='bbox 1903 3773 2024 3814; x_wconf 89' lang='lat' dir='ltr'><strong>non</strong></span> <span class='ocrx_word' id='word_1_310' title='bbox 2077 3749 2316 3835; x_wconf 89' lang='lat' dir='ltr'><strong>absque</strong></span> <span class='ocrx_word' id='word_1_311' title='bbox 2363 3748 2575 3835; x_wconf 87' lang='lat' dir='ltr'><strong>aliquo</strong></span> <span class='ocrx_word' id='word_1_312' title='bbox 2622 3747 2858 3811; x_wconf 91' lang='lat' dir='ltr'><strong>damno</strong></span> <span class='ocrx_word' id='word_1_313' title='bbox 2915 3772 3029 3813; x_wconf 90' lang='lat' dir='ltr'><strong>suo</strong></span> <span class='ocrx_word' id='word_1_314' title='bbox 3076 3749 3268 3813; x_wconf 89' lang='lat' dir='ltr'><strong>offen-</strong></span> 
     </span>
     <span class='ocr_line' id='line_1_35' title="bbox 601 3855 1813 3924; baseline -0.001 0"><span class='ocrx_word' id='word_1_315' title='bbox 601 3858 883 3924; x_wconf 88' lang='lat' dir='ltr'><strong>diculum</strong></span> <span class='ocrx_word' id='word_1_316' title='bbox 928 3856 1176 3922; x_wconf 91' lang='lat' dir='ltr'><strong>illorum</strong></span> <span class='ocrx_word' id='word_1_317' title='bbox 1224 3859 1451 3921; x_wconf 89' lang='lat' dir='ltr'><strong>animis</strong></span> <span class='ocrx_word' id='word_1_318' title='bbox 1498 3855 1813 3923; x_wconf 87' lang='lat' dir='ltr'><strong>exhibeat.</strong></span> 
     </span>
    </p>

    <p class='ocr_par' dir='ltr' id='par_1_7' title="bbox 604 3963 3355 4589">
     <span class='ocr_line' id='line_1_36' title="bbox 781 3963 3269 4050; baseline -0.001 -20"><span class='ocrx_word' id='word_1_319' title='bbox 781 3963 1026 4030; x_wconf 89' lang='lat' dir='ltr'><strong>Habitu</strong></span> <span class='ocrx_word' id='word_1_320' title='bbox 1071 3972 1286 4029; x_wconf 88' lang='lat' dir='ltr'><strong>utatur</strong></span> <span class='ocrx_word' id='word_1_321' title='bbox 1332 3986 1456 4050; x_wconf 91' lang='lat' dir='ltr'><strong>quo</strong></span> <span class='ocrx_word' id='word_1_322' title='bbox 1501 3966 1566 4028; x_wconf 89' lang='lat' dir='ltr'><strong>in</strong></span> <span class='ocrx_word' id='word_1_323' title='bbox 1617 3964 1904 4029; x_wconf 89' lang='lat' dir='ltr'><strong>Romana</strong></span> <span class='ocrx_word' id='word_1_324' title='bbox 1948 3965 2127 4028; x_wconf 85' lang='lat' dir='ltr'><strong>curia</strong></span> <span class='ocrx_word' id='word_1_325' title='bbox 2186 3964 2463 4049; x_wconf 89' lang='lat' dir='ltr'><strong>episcopi</strong></span> <span class='ocrx_word' id='word_1_326' title='bbox 2527 3971 3022 4044; x_wconf 84' lang='lat' dir='ltr'><strong>consueverunt,</strong></span> <span class='ocrx_word' id='word_1_327' title='bbox 3084 3971 3147 4027; x_wconf 90' lang='lat' dir='ltr'><strong>et</strong></span> <span class='ocrx_word' id='word_1_328' title='bbox 3206 3965 3269 4027; x_wconf 92' lang='lat' dir='ltr'><strong>in</strong></span> 
     </span>
     <span class='ocr_line' id='line_1_37' title="bbox 605 4067 3271 4158; baseline -0.002 -20"><span class='ocrx_word' id='word_1_329' title='bbox 605 4094 863 4138; x_wconf 88' lang='lat' dir='ltr'><strong>accessu</strong></span> <span class='ocrx_word' id='word_1_330' title='bbox 909 4072 991 4137; x_wconf 86' lang='lat' dir='ltr'><strong>ad</strong></span> <span class='ocrx_word' id='word_1_331' title='bbox 1037 4094 1248 4158; x_wconf 85' lang='lat' dir='ltr'><strong>regem</strong></span> <span class='ocrx_word' id='word_1_332' title='bbox 1298 4080 1407 4136; x_wconf 89' lang='lat' dir='ltr'><strong>aut</strong></span> <span class='ocrx_word' id='word_1_333' title='bbox 1454 4071 1535 4135; x_wconf 88' lang='lat' dir='ltr'><strong>ad</strong></span> <span class='ocrx_word' id='word_1_334' title='bbox 1583 4070 1828 4157; x_wconf 89' lang='lat' dir='ltr'><strong>aliquos</strong></span> <span class='ocrx_word' id='word_1_335' title='bbox 1873 4093 2136 4156; x_wconf 87' lang='lat' dir='ltr'><strong>magnos</strong></span> <span class='ocrx_word' id='word_1_336' title='bbox 2181 4071 2499 4156; x_wconf 85' lang='lat' dir='ltr'><strong>principes</strong></span> <span class='ocrx_word' id='word_1_337' title='bbox 2554 4076 2745 4155; x_wconf 88' lang='lat' dir='ltr'><strong>atque</strong></span> <span class='ocrx_word' id='word_1_338' title='bbox 2790 4070 2858 4133; x_wconf 91' lang='lat' dir='ltr'><strong>in</strong></span> <span class='ocrx_word' id='word_1_339' title='bbox 2905 4067 3271 4133; x_wconf 86' lang='lat' dir='ltr'><strong>solennibus</strong></span> 
     </span>
     <span class='ocr_line' id='line_1_38' title="bbox 604 4176 3355 4266; baseline -0.001 -20"><span class='ocrx_word' id='word_1_340' title='bbox 604 4179 799 4246; x_wconf 88' lang='lat' dir='ltr'><strong>sacris</strong></span> <span class='ocrx_word' id='word_1_341' title='bbox 846 4188 956 4244; x_wconf 91' lang='lat' dir='ltr'><strong>aut</strong></span> <span class='ocrx_word' id='word_1_342' title='bbox 1000 4178 1270 4266; x_wconf 89' lang='lat' dir='ltr'><strong>publicis</strong></span> <span class='ocrx_word' id='word_1_343' title='bbox 1315 4178 1562 4243; x_wconf 87' lang='lat' dir='ltr'><strong>actibus</strong></span> <span class='ocrx_word' id='word_1_344' title='bbox 1621 4188 1684 4243; x_wconf 91' lang='lat' dir='ltr'><strong>et</strong></span> <span class='ocrx_word' id='word_1_345' title='bbox 1729 4177 2148 4243; x_wconf 88' lang='lat' dir='ltr'><strong>conventibus</strong></span> <span class='ocrx_word' id='word_1_346' title='bbox 2207 4199 2319 4241; x_wconf 90' lang='lat' dir='ltr'><strong>seu</strong></span> <span class='ocrx_word' id='word_1_347' title='bbox 2378 4176 2559 4240; x_wconf 88' lang='lat' dir='ltr'><strong>dietis</strong></span> <span class='ocrx_word' id='word_1_348' title='bbox 2621 4177 2810 4242; x_wconf 87' lang='lat' dir='ltr'><strong>etiam</strong></span> <span class='ocrx_word' id='word_1_349' title='bbox 2875 4176 3130 4241; x_wconf 88' lang='lat' dir='ltr'><strong>rocheto</strong></span> <span class='ocrx_word' id='word_1_350' title='bbox 3178 4178 3355 4242; x_wconf 81' lang='lat' dir='ltr'><strong>in·35</strong></span> 
     </span>
     <span class='ocr_line' id='line_1_39' title="bbox 606 4282 3275 4368; baseline -0.001 -16"><span class='ocrx_word' id='word_1_351' title='bbox 606 4289 870 4363; x_wconf 76' lang='lat' dir='ltr'><strong>duatur3</strong></span> <span class='ocrx_word' id='word_1_352' title='bbox 928 4289 1122 4351; x_wconf 88' lang='lat' dir='ltr'><strong>evitet</strong></span> <span class='ocrx_word' id='word_1_353' title='bbox 1184 4295 1393 4351; x_wconf 89' lang='lat' dir='ltr'><strong>autem</strong></span> <span class='ocrx_word' id='word_1_354' title='bbox 1455 4288 1520 4349; x_wconf 92' lang='lat' dir='ltr'><strong>in</strong></span> <span class='ocrx_word' id='word_1_355' title='bbox 1569 4286 1817 4350; x_wconf 91' lang='lat' dir='ltr'><strong>incessu</strong></span> <span class='ocrx_word' id='word_1_356' title='bbox 1864 4285 2130 4368; x_wconf 87' lang='lat' dir='ltr'><strong>fastum,</strong></span> <span class='ocrx_word' id='word_1_357' title='bbox 2191 4286 2257 4348; x_wconf 92' lang='lat' dir='ltr'><strong>in</strong></span> <span class='ocrx_word' id='word_1_358' title='bbox 2315 4285 2489 4348; x_wconf 85' lang='lat' dir='ltr'><strong>victu</strong></span> <span class='ocrx_word' id='word_1_359' title='bbox 2548 4290 2610 4348; x_wconf 93' lang='lat' dir='ltr'><strong>et</strong></span> <span class='ocrx_word' id='word_1_360' title='bbox 2657 4285 2888 4348; x_wconf 85' lang='lat' dir='ltr'><strong>vestitu</strong></span> <span class='ocrx_word' id='word_1_361' title='bbox 2937 4282 3162 4348; x_wconf 89' lang='lat' dir='ltr'><strong>luxum</strong></span> <span class='ocrx_word' id='word_1_362' title='bbox 3212 4291 3275 4349; x_wconf 87' lang='lat' dir='ltr'><strong>et</strong></span> 
     </span>
     <span class='ocr_line' id='line_1_40' title="bbox 607 4391 3274 4481; baseline -0.001 -21"><span class='ocrx_word' id='word_1_363' title='bbox 607 4395 842 4481; x_wconf 90' lang='lat' dir='ltr'><strong>ubique</strong></span> <span class='ocrx_word' id='word_1_364' title='bbox 888 4418 964 4460; x_wconf 88' lang='lat' dir='ltr'><strong>ac</strong></span> <span class='ocrx_word' id='word_1_365' title='bbox 1009 4397 1074 4459; x_wconf 91' lang='lat' dir='ltr'><strong>in</strong></span> <span class='ocrx_word' id='word_1_366' title='bbox 1123 4396 1293 4459; x_wconf 90' lang='lat' dir='ltr'><strong>omni</strong></span> <span class='ocrx_word' id='word_1_367' title='bbox 1342 4418 1408 4458; x_wconf 91' lang='lat' dir='ltr'><strong>re</strong></span> <span class='ocrx_word' id='word_1_368' title='bbox 1456 4395 2037 4480; x_wconf 78' lang='lat' dir='ltr'><strong>intemperantiam,</strong></span> <span class='ocrx_word' id='word_1_369' title='bbox 2103 4394 2194 4456; x_wconf 86' lang='lat' dir='ltr'><strong>ita</strong></span> <span class='ocrx_word' id='word_1_370' title='bbox 2240 4400 2451 4456; x_wconf 80' lang='lat' dir='ltr'><strong>tamen</strong></span> <span class='ocrx_word' id='word_1_371' title='bbox 2513 4398 2581 4455; x_wconf 88' lang='lat' dir='ltr'><strong>ut</strong></span> <span class='ocrx_word' id='word_1_372' title='bbox 2628 4414 2707 4454; x_wconf 90' lang='lat' dir='ltr'><strong>ne</strong></span> <span class='ocrx_word' id='word_1_373' title='bbox 2763 4393 2825 4454; x_wconf 89' lang='lat' dir='ltr'><strong>in</strong></span> <span class='ocrx_word' id='word_1_374' title='bbox 2877 4391 3114 4456; x_wconf 86' lang='lat' dir='ltr'><strong>sordidi</strong></span> <span class='ocrx_word' id='word_1_375' title='bbox 3164 4402 3274 4456; x_wconf 86' lang='lat' dir='ltr'><strong>aut</strong></span> 
     </span>
     <span class='ocr_line' id='line_1_41' title="bbox 609 4497 3271 4589; baseline -0.002 -22"><span class='ocrx_word' id='word_1_376' title='bbox 609 4505 863 4567; x_wconf 91' lang='lat' dir='ltr'><strong>omnino</strong></span> <span class='ocrx_word' id='word_1_377' title='bbox 910 4501 1141 4589; x_wconf 85' lang='lat' dir='ltr'><strong>abjecti</strong></span> <span class='ocrx_word' id='word_1_378' title='bbox 1188 4510 1403 4567; x_wconf 87' lang='lat' dir='ltr'><strong>notam</strong></span> <span class='ocrx_word' id='word_1_379' title='bbox 1453 4502 1749 4565; x_wconf 83' lang='lat' dir='ltr'><strong>incurrat.</strong></span> <span class='ocrx_word' id='word_1_380' title='bbox 1845 4507 1914 4564; x_wconf 90' lang='lat' dir='ltr'><strong>ut</strong></span> <span class='ocrx_word' id='word_1_381' title='bbox 1958 4501 2122 4564; x_wconf 86' lang='lat' dir='ltr'><strong>enim</strong></span> <span class='ocrx_word' id='word_1_382' title='bbox 2171 4497 2493 4585; x_wconf 84' lang='lat' dir='ltr'><strong>praeclare</strong></span> <span class='ocrx_word' id='word_1_383' title='bbox 2540 4498 2690 4562; x_wconf 82' lang='lat' dir='ltr'><strong>dicit</strong></span> <span class='ocrx_word' id='word_1_384' title='bbox 2737 4498 2928 4562; x_wconf 76' lang='lat' dir='ltr'><strong>divus</strong></span> <span class='ocrx_word' id='word_1_385' title='bbox 2959 4499 3271 4586; x_wconf 79' lang='lat' dir='ltr'><strong>Hierony-</strong></span> 
     </span>
    </p>
   </div>
   <div class='ocr_carea' id='block_1_4' title="bbox 608 4606 3357 4788">
    <p class='ocr_par' dir='ltr' id='par_1_8' title="bbox 608 4606 3357 4788">
     <span class='ocr_line' id='line_1_42' title="bbox 608 4606 3272 4693; baseline -0.002 -18"><span class='ocrx_word' id='word_1_386' title='bbox 608 4635 779 4676; x_wconf 86' lang='lat' dir='ltr'><strong>mus:</strong></span> <span class='ocrx_word' id='word_1_387' title='bbox 839 4634 953 4676; x_wconf 90' lang='lat' dir='ltr'><strong>nec</strong></span> <span class='ocrx_word' id='word_1_388' title='bbox 999 4611 1328 4678; x_wconf 79' lang='lat' dir='ltr'><strong>affectatae</strong></span> <span class='ocrx_word' id='word_1_389' title='bbox 1374 4608 1589 4673; x_wconf 89' lang='lat' dir='ltr'><strong>sordes</strong></span> <span class='ocrx_word' id='word_1_390' title='bbox 1647 4630 1764 4671; x_wconf 87' lang='lat' dir='ltr'><strong>nec</strong></span> <span class='ocrx_word' id='word_1_391' title='bbox 1810 4609 2162 4693; x_wconf 83' lang='lat' dir='ltr'><strong>exquisitae</strong></span> <span class='ocrx_word' id='word_1_392' title='bbox 2207 4606 2556 4670; x_wconf 86' lang='lat' dir='ltr'><strong>munditiae</strong></span> <span class='ocrx_word' id='word_1_393' title='bbox 2602 4607 2993 4671; x_wconf 90' lang='lat' dir='ltr'><strong>conveniunt</strong></span> <span class='ocrx_word' id='word_1_394' title='bbox 3036 4606 3272 4671; x_wconf 88' lang='lat' dir='ltr'><strong>homini</strong></span> 
     </span>
     <span class='ocr_line' id='line_1_43' title="bbox 610 4718 3357 4788; baseline -0.003 -5"><span class='ocrx_word' id='word_1_395' title='bbox 610 4718 969 4788; x_wconf 58' lang='lat' dir='ltr'><strong>christianoq</strong></span> <span class='ocrx_word' id='word_1_396' title='bbox 3291 4726 3357 4777; x_wconf 66' lang='lat'><strong>44)</strong></span> 
     </span>
    </p>
   </div>
  </div>
 </body>
</html>
