3500 5300
646 361 754 424 m
1656 364 1756 419 Nc.
1787 365 1883 419 90:
1925 364 2062 418 1538
2098 363 2208 418 Mai
2243 363 2294 418 2.

457 563 597 645 1538
649 561 765 630 90.
856 561 1126 626 Morone
1183 582 1274 626 an
1317 559 1638 626 Famese:
1705 561 1857 625 iiber
1923 558 2394 643 Umwandluny
2463 560 2576 623 der
2639 559 2866 641 friihcr
2932 558 3311 624 berichem

428 635 557 688 Μαι
591 636 632 687 2
649 668 1045 751 kdniylichen
1074 668 1456 750 Forderuny
1484 667 1929 749 umfassender
1962 665 2557 732 Sc'iculavisationen
2587 668 2661 730 in
2691 667 2813 730 das
2843 666 3312 748 verstc'indiycrc

654 776 905 842 Gesuch
947 797 1057 840 um
1117 774 1579 857 Ueberlassuny
1648 795 1769 840 von
1834 775 1988 840 zwei
2050 774 2332 838 Zehnten
2390 794 2510 837 von
2569 773 2678 837 der
2726 773 3168 838 Geistlicbkeit
3213 774 3314 838 d&

647 903 887 967 yanzen
934 882 1263 947 deutschen
1307 882 1587 947 Reiches.
1678 881 2023 964 Mahnuny
2068 882 2175 946 des
2223 880 2513 945 Nuntius
2557 880 2647 944 im
2693 879 2849 943 Fau
2892 879 3008 944 der
3042 879 3312 945 Gewffli-

648 1011 816 1073 φυηρ
880 990 993 1072 βῶν
1057 989 1507 1072 zweckmdssiye
1562 987 1908 1071 Erhebtmy
1952 989 2093 1052 und
2164 988 2599 1070 Verwenduny
2666 986 2857 1069 Sorye
2921 1009 3007 1051 zu
3075 991 3311 1071 traqes.
3356 1003 3384 1054 5

651 1097 1081 1162 Nachrichten
1124 1117 1262 1161 vom
1316 1096 1585 1175 Tiirken,
1641 1097 1752 1160 der
1811 1116 1948 1160 vom
2009 1094 2353 1161 Woivodcn
2398 1095 2500 1159 die
2547 1095 3015 1177 Einrc‘iumuny
3063 1094 3314 1158 Buda's

649 1205 922 1285 fordert;
986 1203 1403 1269 Ausweichen
1463 1204 1571 1268 des
1643 1203 2003 1268 Woivoden.
2061 1202 2348 1284 ⁴Gefahr
2405 1201 2519 1283 fiir
2569 1190 2939 1278 O'sterreich,
3001 1201 3167 1283 falls
3212 1203 3315 1265 der

655 1312 864 1376 Tia‘rloe
893 1310 1096 1375 Buda
1138 1317 1455 1393 yewdinne.
1553 1308 1855 1392 Senduny
1887 1311 2115 1376 Lunds
2157 1330 2303 1374 zum
2360 1307 2720 1374 Woivoden.
2810 1308 3184 1391 Erdffimny
3213 1309 3314 1372 des

652 1419 886 1483 dritten
931 1418 1321 1483 bo‘hmischen
1364 1417 1715 1499 Landtays.
1809 1419 1977 1481 1538
2021 1417 2175 1481 Mai
2220 1420 2266 1482 2
2311 1415 2507 1498 Pray.

795 1563 915 1616 Aue
952 1560 1182 1629 Ncapel,
1230 1560 1460 1615 Grande
1511 1560 1774 1614 Archivio
1828 1559 1994 1616 Carte
2048 1558 2382 1614 Farnesiane
2436 1558 2597 1614 Fasc.
2647 1560 2750 1614 730
2804 1558 2992 1629 orig-,-
3045 1561 3114 1613 in
3167 1575 3314 1614 verso
3334 1560 3386 1612 10
3479 1619 3480 1622 Ἴ

864 1650 1136 1705 Ricevuta
1169 1667 1204 1704 a
1239 1650 1309 1705 28
1356 1650 1412 1703 in
1461 1649 1648 1704 Nizza.
1722 1649 2125 1704 Ebendcselbst
2177 1648 2457 1717 Duplikat
2507 1649 2607 1702 mit
2653 1648 3314 1703 Rasentationsvermk

869 1740 1039 1794 Nizza
1073 1741 1158 1793 22.
1198 1738 1322 1793 und
1357 1739 1880 1794 Antwomvermerk
1919 1738 2089 1793 Nizza
2124 1739 2194 1793 26
2234 1737 2362 1792 Mai.

832 1863 961 1928 Alli
1006 1865 1213 1950 giorni
1257 1865 1492 1950 passati
1537 1863 1905 1928 trovandosi
1950 1871 2170 1950 questo
2217 1861 2402 1928 Sermo
2458 1886 2528 1928 re
2584 1864 2650 1928 in
2695 1862 3110 1928 l'imminente
3157 1865 3312 1949 peri-

656 1972 792 2037 colo
839 1970 941 2036 del
987 1971 1199 2036 Turco
1247 1994 1366 2036 con
1412 1993 1574 2057 poca
1618 1972 1981 2057 provisione
2040 1978 2102 2035 et
2159 1992 2319 2056 gran
2380 1969 2694 2035 difficultis
2737 1970 2801 2035 di
2850 1977 3070 2056 potere
3113 1992 3317 2035 essene

654 2079 937 2144 adiutato
984 2077 1135 2142 dalli
1181 2080 1279 2143 sui
1314 2077 1568 2159 subditi,
1616 2079 1810 2165 prego
1845 2076 2077 2142 Nostro
2110 2077 2376 2162 Signore
2408 2076 2648 2141 volesse
2681 2075 3034 2142 concederli
3082 2076 3392 2149 faculta15

656 2186 722 2251 di
767 2207 1019 2271 possere
1065 2184 1338 2250 alienare
1384 2207 1515 2249 una
1558 2193 1731 2249 certa
1777 2191 1957 2271 parte
2003 2183 2150 2248 delli
2197 2183 2341 2249 beni
2384 2183 2806 2265 ecclesiastici,
2853 2205 3034 2248 come
3082 2183 3318 2249 al’hora

656 2292 911 2357 mandai
968 2292 1070 2357 nel
1130 2291 1492 2356 memoriale
1552 2291 1791 2356 havuto
1851 2291 1935 2356 da
1980 2290 2112 2356 Sua
2158 2290 2403 2356 Maesta
2435 2289 2501 2379 ¹).
2595 2290 2752 2356 hora
2794 2291 3118 2356 essendosi
3161 2291 3318 2356 satta

655 2399 957 2485 megliore
1002 2398 1499 2463 consideratione
1545 2422 1734 2485 sopra
1779 2397 1869 2463 tal
1915 2398 2227 2482 riehiesta,
2274 2397 2340 2462 la
2383 2397 2568 2486 quale
2613 2420 2728 2484 per
2771 2396 2949 2463 molti
2996 2399 3144 2485 capi
3191 2398 3318 2464 Sua

658 2507 902 2571 Maesta
946 2504 1203 2591 giudica
1248 2504 1289 2569 li
1336 2507 1505 2592 possi
1536 2528 1740 2570 essere
1771 2515 2005 2591 negata
2034 2514 2098 2571 et
2141 2504 2451 2570 essendoli
2497 2528 2799 2571 concessa
2825 2505 2871 2569 li
2900 2507 3072 2592 possi
3115 2528 3318 2571 essere

658 2614 878 2679 odiosa
937 2622 1002 2678 et
1058 2635 1220 2700 poco
1281 2613 1599 2699 proficua,
1666 2613 1752 2678 ha
1812 2622 2055 2679 mutato
2115 2614 2433 2700 proposito
2493 2620 2556 2678 et
2611 2612 2938 2679 laseiando
2994 2612 3084 2679 da
3141 2622 3396 2701 partem

659 2722 869 2809 quella
925 2723 1254 2807 petitione,
1315 2721 1447 2787 Sua
1512 2721 1760 2786 Maesta
1817 2720 1883 2785 di
1943 2744 2107 2785 novo
2167 2743 2365 2807 prega
2423 2720 2488 2785 la
2532 2720 2781 2785 Santita
2825 2721 2957 2786 Sua
3016 2721 3063 2786 li
3110 2722 3320 2808 voglia

659 2828 1004 2895 concedere
1050 2828 1175 2893 due
1214 2828 1457 2893 decime
1503 2828 1582 2893 de
1628 2837 1790 2892 tutto
1837 2828 1897 2892 el
1943 2827 2111 2893 clero
2159 2829 2222 2892 in
2269 2829 2418 2914 ogni
2463 2835 2642 2914 parte
2673 2826 2841 2892 della
2871 2828 3227 2894 Germania
3253 2832 3317 2915 ²).

659 2935 724 3000 la
780 2934 927 3023 qual
987 2936 1287 3020 petitione
1332 2936 1463 3001 Sua
1510 2936 1751 3001 Maesta
1810 2934 2062 3000 confida
2122 2935 2237 2999 che
2298 2957 2425 2999 non
2487 2935 2533 2998 li
2579 2938 2724 2999 sara
2783 2945 3016 3022 negata
3061 2937 3148 3002 da
3195 2937 3321 3003 Sua

662 3042 1062 3107 Beatitudine
1108 3064 1220 3128 per
1265 3042 1327 3106 la
1388 3066 1579 3107 causa
1643 3065 1754 3128 per
1811 3040 1875 3105 la
1933 3041 2122 3129 quale
2180 3041 2241 3106 la
2300 3043 2558 3107 ricerca.
2650 3044 2821 3107 circa
2865 3053 3090 3131 questo
3137 3068 3180 3109 a
3225 3066 3320 3107 me

662 3173 786 3215 non
835 3172 1088 3214 occorre
1135 3151 1405 3214 scrivere
1450 3173 1489 3214 a
1534 3149 1722 3234 longo
1772 3173 1811 3213 a
1842 3149 1918 3212 V.
1953 3149 2079 3213 Rm
2126 3158 2188 3214 et
2222 3148 2371 3214 Ill¹¹¹³
2417 3150 2498 3231 S„
2545 3149 2776 3235 perche
2822 3151 2890 3214 vi
2933 3174 3089 3215 sono
3122 3150 3389 3238 quellez'i
3479 3220 3480 3227 χ

809 3417 852 3486 ¹)
890 3419 942 3473 S.
982 3419 1115 3473 oben
1149 3433 1235 3473 nr.
1272 3422 1361 3472 86.

808 3508 852 3578 2)
892 3508 1168 3562 Ηίονᾶὸεν
1201 3509 1371 3575 findet
1421 3509 1537 3563 sich
1584 3508 1677 3561 ein
1724 3508 1915 3562 lom-zos
1950 3506 2312 3573 Schriftstt'lck
2347 3509 2484 3561 ohne
2524 3508 2892 3574 Uacci-schrift
2930 3508 3058 3562 und
3095 3509 3320 3575 Datum,

663 3598 1072 3653 ilbcrschricben
1110 3597 1424 3652 Memoriale
1480 3615 1580 3668 pro
1635 3614 1764 3668 rege
1801 3597 2189 3666 Romanorum,
2227 3600 2290 3651 in
2337 3598 2590 3665 Horam,
2630 3597 2795 3653 Arch.
2851 3598 2917 3651 di
2967 3598 3129 3654 stato
3163 3600 3322 3656 carte

663 3687 878 3744 Cervin.
916 3686 1072 3740 Filza
1098 3688 1167 3741 36
1205 3704 1283 3740 nr.
1317 3687 1382 3741 73
1419 3688 1518 3740 mit
1554 3687 1862 3756 folyendem
1901 3687 2204 3740 Wortlaut:
2239 3686 2567 3741 Beatissimo
2602 3693 2764 3756 pater
2798 3694 2904 3741 etc.
2982 3686 3184 3742 Sei-⁸¹¹⁸
3223 3688 3322 3743 Ro-

665 3794 948 3831 manorum
986 3775 1305 3846 Hungariae
1341 3784 1398 3831 et
1437 3776 1732 3830 Bohemiae
1771 3792 1866 3829 rex
1901 3782 2007 3830 etc.
2047 3776 2327 3830 humiliter
2363 3776 2603 3846 suplicat
2637 3775 2936 3831 Sanctitati
2976 3777 3216 3833 Vestrae
3250 3779 3392 3837 eii-stt
3479 3754 3480 3801 ¹

666 3872 867 3937 gnetur
911 3865 1209 3920 concedere
1264 3872 1321 3920 et
1373 3866 1657 3935 indulgere
1699 3864 1976 3935 Majestati
2025 3863 2170 3919 Suae
2225 3882 2325 3935 pro
2380 3865 2626 3919 subsidio
2680 3872 2876 3920 contra
2921 3865 3143 3921 Tureos
3192 3869 3324 3923 duas

666 3955 907 4011 decimas
943 3955 1184 4009 omnium
1232 3953 1514 4009 fructuum
1566 3953 1879 4008 reddituum
1928 3962 2293 4023 proventuum
2329 3971 2430 4023 per
2474 3960 2654 4007 totum
2689 3953 3002 4008 Romanum
3038 3956 3324 4028 imperium

667 4045 739 4099 ab
776 4043 1031 4098 omnibus
1082 4052 1138 4098 et
1184 4044 1416 4113 singulis
1461 4043 1851 4097 ecclesiasticis
1903 4044 2148 4113 personis
2195 4045 2591 4114 cujuscumque
2640 4042 2848 4114 gradus
2885 4045 3096 4100 ordinis
3151 4054 3324 4101 status

668 4134 1105 4204 conditionisque
1141 4133 1379 4187 existant
1416 4140 1527 4186 tam
1577 4132 1919 4187 secularibus
1965 4151 2132 4204 quam
2182 4132 2526 4203 regularibus
2573 4149 3030 4205 quorumcunque
3079 4136 3320 4189 ordinum

667 4223 753 4277 vel
792 4223 1122 4294 regularum,
1158 4222 1395 4275 virorum
1425 4222 1509 4275 vel
1531 4222 1835 4290 mulierum,
1873 4222 2258 4292 exigendorum
2286 4223 2342 4277 in
2370 4221 2550 4277 forma
2568 4223 2774 4277 meliori
2795 4230 2854 4278 et
2880 4222 3186 4280 efficaciori
3206 4228 3392 4291 etc-,35

669 4330 769 4384 pro
805 4312 1007 4383 quibus
1045 4311 1322 4381 exigendis
1359 4311 1693 4381 deputentur
1728 4310 1838 4363 duo
1875 4311 1961 4364 vel
1998 4318 2110 4365 tres
2161 4319 2508 4366 executores:
2557 4311 2705 4365 Rmffl*
2743 4313 2997 4368 dominus
3032 4315 3320 4369 cardinalia

671 4402 1044 4469 Tridentinae,
1083 4401 1215 4454 Rev.
1254 4401 1503 4453 dominus
1538 4399 1780 4454 Joannes
1819 4399 2077 4454 Moronus
2113 4402 2405 4470 episcopus
2456 4401 2783 4456 Mutinensis
2829 4404 3058 4457 nuntius
3113 4412 3318 4475 aposto-

672 4492 811 4546 licus
847 4492 995 4560 apud
1034 4490 1200 4545 Suam
1221 4489 1582 4560 Majestatem,
1619 4491 1871 4543 dominus
1909 4490 2209 4560 Gregorius
2246 4492 2536 4561 episcopus
2565 4491 2753 4545 Novae
2789 4491 3047 4547 Civitatis
3089 4494 3316 4562 [Wiene-

670 4582 819 4635 risch
854 4579 1156 4647 Neustadt]
1196 4580 1529 4649 conjunctim
1568 4579 1652 4633 vel
1707 4579 1922 4633 divisim
1978 4597 2104 4633 cum
2153 4586 2429 4649 potestate
2477 4580 2766 4650 delegandi
2821 4590 2881 4635 et
2932 4582 3316 4655 subdelegandi

673 4687 841 4723 unum
890 4670 975 4722 vel
1012 4670 1197 4739 plures
1247 4677 1304 4722 et
1349 4670 1496 4739 quod
1535 4669 1625 4723 hic
1682 4669 1770 4723 vel
1823 4670 1901 4722 illi
1958 4669 2325 4723 thesaurarios
2382 4668 2701 4724 collectores
2755 4672 2841 4725 vel
2897 4672 3386 4727 subcolleetoresffl

674 4759 951 4811 nominare
988 4759 1239 4812 ordinare
1277 4759 1543 4828 deputare
1582 4760 1916 4812 constituere
1955 4766 2010 4813 et
2047 4758 2382 4813 substituere
2418 4759 2647 4831 possint.
