3500 5300
1046 370 1051 376 ⁴
1132 384 1230 438 Nn.
1269 383 1402 438 215:
1444 384 1583 439 1535
1618 383 1910 438 November
1944 386 1995 439 3.
2783 379 2891 442 538

232 577 392 644 215.
500 577 784 660 Veryem'o
828 601 916 643 (ιη
964 579 1275 644 Rimleati
1294 601 1314 642 .·
1380 580 1744 662 seclistc'iyiye
1812 580 2252 644 besclzwerliche
2313 581 2495 644 Reise
2554 581 2646 643 bis
2705 579 2890 644 Halle

227 685 423 748 durch
484 707 600 748 von
655 686 1047 766 fanatischen
1105 686 1542 750 Iscctheranem
1600 687 1901 750 bewolmte
1967 687 2303 769 Geyenden.
2397 686 2742 766 Eintreffen
2787 688 2892 750 des

235 795 263 850 (
278 792 579 855 'ardinals
640 815 755 856 von
800 794 1030 858 Mainz
1084 814 1166 857 zu
1218 793 1415 857 Halle.
1510 783 1856 876 A'mleruny
1902 794 2006 856 (les
2064 794 2403 876 bisheriyen
2463 793 2893 858 Mechlusses

224 899 425 979 Kurf.
474 899 730 963 Johavm
778 900 1103 963 Friedrich
1164 922 1279 963 von
1326 900 1596 965 Sachsm
1654 901 1808 964 noch
1865 902 1936 964 in
1997 901 2180 966 Wien
2234 922 2317 965 zu
2374 900 2602 980 treffen,
2669 901 2891 982 haupt—

169 1024 201 1073 5
222 1005 495 1069 scichle'ch
538 1028 646 1069 um
708 1008 843 1070 Zeit
895 1028 979 1072 zu
1032 1007 1428 1092 yriimllicker
1487 1008 1922 1090 Verhandluny
1967 1009 2081 1071 mit
2139 1008 2274 1072 dem
2327 1008 2647 1085 Gardiml,
2707 1008 2890 1073 Here.

232 1115 435 1195 Geory
480 1135 596 1176 von
646 1113 921 1177 Sachsen
966 1115 1102 1177 und
1144 1136 1251 1178 vor
1298 1114 1477 1178 allam
1535 1115 1653 1178 mit
1700 1114 2020 1195 Kurfiirst
2062 1114 2346 1180 Joachim
2395 1116 2478 1179 II
2513 1137 2628 1179 von
2677 1115 2892 1178 Bran-

221 1220 501 1302 denbury
545 1242 626 1285 zu
667 1222 1005 1303 ρειυὶηηεη,
1076 1221 1324 1285 westher
1394 1222 1626 1286 letztere
1694 1243 1819 1285 nur
1888 1222 2083 1285 durch
2140 1222 2257 1285 den
2323 1221 2631 1288 Cardinal
2695 1223 2895 1286 davon

220 1327 737 1409 zuriiekyehalten
780 1329 1025 1392 worden
1096 1331 1177 1391 ist
1244 1329 1375 1392 sich
1444 1329 1561 1392 den
1608 1328 2042 1392 Lutheranern
2082 1328 2370 1410 yc'inzlich
2429 1329 2500 1392 in
2557 1329 2655 1393 (lie
2701 1330 2896 1394 Arme

220 1455 310 1498 zu
354 1435 617 1514 werfem
661 1436 996 1517 austerdem
1041 1436 1201 1499 auch
1254 1458 1363 1499 um
1424 1437 1538 1499 mit
1601 1436 1861 1500 Johann
1929 1435 2252 1500 Friedrich
2310 1433 2708 1517 einyehender
2763 1458 2894 1500 ver-

147 1560 206 1613 10
225 1540 501 1604 handeln
544 1563 626 1606 zu
670 1542 913 1606 konnen
969 1543 1065 1606 ak
1119 1565 1182 1605 es
1242 1543 1309 1605 in
1372 1543 1553 1607 {Viam
1614 1543 1868 1625 neiiylielz
1932 1549 2105 1607 wc'ire.
2211 1542 2895 1609 Unannehmliehlceiten

224 1649 335 1710 des
382 1648 816 1728 Aufentluzltes
861 1651 932 1712 in
978 1647 1265 1715 Saeksen.
1368 1651 1519 1714 7535
1572 1650 1904 1713 November
1949 1653 1991 1713 3
2039 1650 2240 1714 Halle.

374 1773 497 1827 Aue
534 1772 691 1840 Rom,
730 1774 876 1828 Bcbz.
920 1774 1043 1827 Vat.
1087 1772 1218 1829 Cod.
1256 1772 1385 1829 Vat.
1426 1775 1565 1828 3914
1604 1773 1697 1828 fol.
1737 1775 1843 1828 258
1860 1773 2103 1828 ⁸—260b
2142 1776 2270 1842 Gop.
2309 1792 2484 1830 coaev.

408 1897 513 1962 Da
572 1897 952 1963 Padeborno
1012 1901 1076 1962 in
1136 1898 1527 1985 Vestphalia
1590 1899 1783 1964 furno
1842 1898 2102 1964 l’ultime
2160 1902 2314 1980 mie,
2373 1900 2535 1964 nelle
2601 1900 2770 1985 quali
2831 1903 2893 1964 io

228 2006 485 2069 serivea
530 2003 879 2069 d'havermi
927 2005 1178 2092 spedito
1239 2005 1341 2070 dal
1406 2006 1632 2070 elettor
1677 2006 2074 2071 Coloniense.
2166 2007 2298 2071 indi
2358 2029 2475 2071 son
2531 2017 2771 2072 venuto
2827 2009 2889 2070 in

144 2132 208 2184 15
228 2110 403 2190 Hass,
450 2112 569 2175 che
617 2119 649 2175 e
696 2113 798 2177 nel
847 2122 1067 2176 centro
1114 2112 1281 2177 della
1326 2112 1620 2191 Saxonia,
1668 2113 1768 2176 nel
1818 2113 1961 2199 qual
2011 2114 2273 2179 castello
2321 2116 2364 2177 il
2397 2114 2525 2178 ΒΜ
2573 2113 2890 2180 cardinale

225 2219 607 2302 Magantino
654 2220 831 2284 suole
878 2220 1076 2284 haver
1120 2220 1180 2284 la
1229 2242 1342 2284 sua
1386 2219 1732 2284 residentia
1746 2245 1763 2300 ;
1826 2244 1929 2284 ma
1989 2223 2055 2284 in
2116 2228 2283 2285 tutto
2348 2221 2404 2284 el
2451 2222 2706 2306 viaggio
2765 2223 2890 2284 mio

225 2349 357 2389 non
406 2325 489 2389 ho
550 2326 772 2391 havuti
832 2328 991 2391 tanti
1052 2326 1337 2391 diseonei
1398 2336 1463 2391 et
1520 2330 1678 2391 tanti
1750 2328 2013 2413 pericoli
2083 2329 2302 2413 quanti
2369 2328 2434 2391 in
2504 2335 2729 2413 queste
2799 2329 2889 2392 sei

223 2435 515 2518 giornate
564 2432 629 2497 di
675 2435 941 2498 camino,
1033 2436 1098 2497 vi
1147 2434 1230 2497 ho
1265 2435 1496 2499 trovati
1547 2434 1614 2499 di
1659 2437 1860 2498 monti
1894 2445 1958 2498 et
2001 2434 2226 2498 boschi
2257 2434 2505 2498 difficili
2554 2444 2616 2498 et
2647 2436 2891 2518 giaeeio

226 2551 290 2604 et
339 2563 503 2604 neve
553 2551 615 2604 et
673 2549 840 2604 tutto
900 2542 1051 2626 pien
1111 2539 1191 2604 de
1250 2550 1440 2625 gente
1499 2542 1843 2606 maladetta
1903 2541 2265 2620 lutherana‚
2328 2542 2389 2606 la
2446 2541 2594 2627 qual
2653 2564 2753 2604 me
2809 2541 2892 2606 ha

140 2649 393 2719 2ofatto
441 2646 509 2711 di
570 2671 723 2731 gran
782 2672 981 2734 paura
1038 2649 1366 2734 parreehie
1427 2649 1630 2728 volte,
1690 2649 1808 2713 che
1867 2650 1928 2714 la
1986 2672 2100 2714 sua
2167 2651 2412 2714 insania
2480 2658 2545 2713 et
2611 2649 2790 2713 furor
2857 2657 2891 2712 e

223 2754 464 2840 grande
513 2755 1077 2835 incredibilmente‚
1125 2755 1290 2820 dove
1339 2762 1372 2817 e
1418 2757 1697 2820 mention
1745 2755 1810 2820 di
1843 2756 2047 2820 Roma
2092 2765 2155 2819 et-
2195 2756 2261 2821 di
2293 2754 2476 2842 papa.
2537 2758 2603 2819 in
2649 2778 2891 2820 somma

223 2862 387 2926 Jesu
433 2860 691 2926 Christo
736 2861 1081 2927 benedetto
1143 2873 1208 2927 et
1264 2887 1392 2927 non
1452 2863 1625 2941 altri,
1684 2863 1802 2928 ehe
1862 2863 2185 2949 m'inepiro
2244 2886 2283 2927 a
2335 2862 2611 2949 prender
2666 2871 2890 2948 questa

226 2980 411 3034 santa
455 2970 748 3054 impresa,
793 2971 879 3033 mi
926 2970 1010 3033 ho
1057 2970 1216 3035 tolto
1263 2973 1329 3034 in
1377 2972 1759 3055 protettione
1817 2979 1914 3035 tra
1961 2972 2118 3035 tanti
2165 2970 2462 3057 peric-oli,
2522 2970 2640 3035 ehe
2703 2970 2890 3034 altra-

224 3085 440 3141 mente
490 3076 665 3140 harei
714 3076 877 3141 fatto
926 3077 1087 3141 male
1134 3077 1176 3140 il
1225 3077 1390 3141 fatto
1438 3079 1582 3141 mi0.

128 3202 201 3254 25
405 3181 672 3249 Venuto
718 3186 787 3247 in
830 3183 1024 3248 Halla
1067 3207 1195 3248 non
1240 3187 1307 3249 vi
1352 3186 1615 3248 ritrovai
1661 3185 1704 3247 il
1752 3184 1881 3248 ΒΜ
1929 3183 2277 3264 cardinale,
2332 3184 2375 3247 il
2423 3183 2607 3270 quale
2668 3206 2886 3268 sopra-

228 3314 435 3355 venne
507 3291 785 3355 hiersera
852 3290 932 3356 da
1000 3290 1268 3369 Perlim,
1337 3290 1679 3355 residentia
1747 3290 1852 3356 del
1921 3290 2245 3356 mareheee
2312 3292 2549 3355 elect-or
2605 3289 2887 3356 Brande—

226 3397 562 3481 burgense,
606 3420 723 3463 suo
769 3400 1007 3484 nipote‚
1054 3397 1220 3462 dove
1253 3398 1381 3462 Sua
1414 3398 1705 3481 Signoria
1751 3399 1884 3463 Bm
1929 3422 2036 3463 era
2081 3397 2313 3463 andata
2358 3421 2474 3484 per
2516 3400 2892 3481 gravissima

226 3528 436 3583 eausa,
484 3527 664 3570 eome
711 3504 800 3572 V.
848 3504 910 3569 S.
958 3504 1308 3569 intende-ra.

405 3613 511 3677 Da
558 3611 749 3676 Halla
794 3613 933 3676 eino
979 3614 1045 3675 in
1091 3610 1352 3678 Vienna
1398 3615 1456 3676 ei
1504 3635 1660 3678 sono
1706 3612 2054 3678 solamente
2107 3626 2184 3679 12
2245 3616 2530 3696 giornate
2593 3611 2658 3677 di
2718 3635 2888 3677 eam-

140 3881 347 3941 3ound
382 3883 520 3935 habe
557 3881 674 3935 sich
709 3881 833 3935 und
869 3881 960 3935 die
996 3879 1195 3936 Seivwn
1232 3880 1351 3934 dem
1388 3881 1575 3952 Ko'm’y
1612 3899 1713 3935 zur
1747 3882 2067 3951 Verfilyuny
2102 3882 2321 3952 yestellt.
2395 3880 2557 3935 Hano
2593 3881 2886 3936 aeeordato

226 3973 354 4043 ogni
392 3968 687 4039 difficulta,
726 3971 868 4024 hano
915 3971 1079 4024 etiam
1130 3970 1345 4041 parlato
1400 3971 1467 4024 de
1523 3971 1573 4024 le
1629 3987 1753 4025 eose
1809 3970 1897 4024 del
1955 3971 2186 4026 coneilio
2235 3977 2292 4025 et
2328 3970 2440 4025 Sua
2476 3969 2817 4024 Excellentia
2854 3966 2886 4023 ὲ

227 4069 489 4116 contenta
525 4060 667 4115 ehe'l
704 4062 750 4114 si
786 4059 923 4127 faci:
964 4078 1054 4114 ma
1089 4060 1143 4115 lo
1179 4060 1330 4114 voria
1366 4060 1422 4113 in
1450 4058 1748 4114 Germania
1786 4061 2022 4114 secondo
2059 4061 2113 4114 la
2150 4059 2544 4114 deliberatione
2570 4058 2715 4113 satta
2743 4059 2888 4112 nella

226 4153 421 4206 ultima
458 4150 608 4204 dieta
644 4150 699 4204 in
738 4151 1010 4221 Augusta.
1085 4150 1385 4205 tuttavolta
1422 4150 1641 4221 quando
1678 4150 1718 4203 li
1757 4150 1884 4204 altri
1921 4149 2157 4220 principi
2196 4150 2349 4205 siano
2378 4149 2620 4204 contenti
2660 4148 2799 4203 ehe'l
2838 4147 2886 4202 si

2943 584 3080 635 1635

2909 652 3048 707 Νου.
3087 656 3122 705 3

2906 3309 3044 3365 Nov.
3079 3314 3120 3365 2

227 4240 368 4296 faeci
404 4241 464 4294 in
492 4239 674 4308 Italia,
710 4240 878 4294 etiam
914 4240 992 4293 lui
1031 4236 1158 4294 sarh.
1193 4246 1466 4294 contente.
1541 4256 1641 4293 ma
1678 4255 1798 4309 per
1847 4245 2109 4309 quanto
2145 4238 2304 4292 vien
2357 4239 2553 4293 detto
2601 4255 2724 4309 par
2761 4238 2916 4292 che·

141 4330 466 4402 35questi
517 4328 917 4384 Lutherani
967 4335 1041 4384 et
1089 4329 1313 4400 quelli
1364 4329 1431 4382 di
1479 4327 1715 4397 Roma,
1764 4325 1918 4383 eioe
1967 4328 2038 4383 la
2085 4324 2378 4383 Santita
2426 4328 2535 4382 del
2582 4344 2768 4398 papa
2816 4334 2885 4381 et

228 4419 357 4474 Emi
422 4419 810 4486 cardinali,
877 4419 942 4473 in
999 4425 1257 4490 questo
1321 4417 1627 4472 articulo
1682 4418 1796 4471 del
1855 4418 2163 4473 coneilio
2228 4418 2425 4473 siano
2489 4417 2707 4471 molto
2755 4415 2884 4471 ben

227 4509 587 4577 d'acordo,
623 4509 747 4564 ehe
784 4525 921 4562 una
957 4516 1164 4578 parte
1201 4513 1271 4562 et
1306 4507 1547 4561 l'altra
1584 4524 1654 4560 se
1706 4523 1787 4561 ne
1836 4507 1988 4563 euri
2039 4508 2284 4577 pecho,
2360 4513 2417 4561 et
2454 4523 2511 4561 se
2549 4506 2885 4576 l‘imperator

228 4618 332 4656 non
370 4607 530 4653 trova
565 4598 643 4652 lui
682 4604 1073 4652 assettamento
1131 4596 1237 4651 alle
1292 4614 1417 4651 cose
1463 4596 1530 4650 de
1578 4596 1634 4650 la
1683 4595 1807 4649 fede
1861 4596 2046 4650 avanti
2103 4596 2244 4651 ebe’l
2299 4596 2444 4650 torni
2480 4596 2536 4649 in
2576 4593 2814 4666 Spagna‚
2852 4589 2883 4646 ὲ

228 4690 479 4761 opinione
517 4687 584 4742 de
621 4687 675 4741 la
712 4685 962 4758 maggior
997 4693 1153 4757 parte
1191 4687 1292 4741 che
1330 4704 1436 4740 non
1474 4682 1702 4756 passere.
1736 4691 1899 4755 tropo
1937 4685 2038 4739 che
2069 4685 2177 4739 tuti
2213 4686 2468 4739 viverano
2504 4684 2559 4739 al
2586 4683 2744 4737 modo
2781 4683 2883 4738 che

144 4778 213 4832 40
228 4796 444 4851 voi-ano,
482 4776 761 4833 facendosi
800 4795 873 4830 un
911 4776 1017 4830 rito
1054 4793 1088 4830 a
1124 4776 1282 4829 modo
1321 4793 1434 4830 suc.
