3500 5300
616 382 693 446 6⁰
1569 385 1668 441 No.
1705 387 1768 441 2:
1809 380 1946 441 1536
1983 380 2217 441 Oktober
2251 385 2339 441 24„

406 586 546 639 1536
617 583 827 648 facere
871 574 1227 666 videretur3
1288 606 1492 670 neque
1554 589 1650 648 est
1695 605 1854 670 opus
1898 590 1971 648 ut
2015 582 2222 648 dictus
2267 581 2563 647 dominus
2605 582 2878 647 nuncius
2921 579 3080 646 alias
3122 579 3296 645 hanc

365 654 486 709 ΟΜ·
523 660 598 710 24
617 691 1096 755 instructionem
1130 690 1450 778 Majestati
1484 690 1650 756 Suae
1696 690 1798 755 vel
1848 689 1988 754 aliis
2018 688 2327 773 ostendat,
2376 674 2745 775 praesertim
2779 690 2900 753 nisi
2946 690 3293 754 necessitas

617 806 823 882 cogat,
871 797 981 862 sed
1028 785 1380 864 rationibus
1439 797 1818 884 supradictis
1863 820 1948 862 ex
1992 820 2070 862 ea
2116 797 2504 884 depromptis
2551 796 2704 861 viva
2749 818 2907 861 voce
2954 804 3189 860 utatur.

794 903 920 970 Sed
979 928 1098 970 nec
1156 904 1495 970 Bohemiae
1553 927 1822 991 regnum
1900 906 1990 970 ita
2047 904 2291 991 perdite
2349 904 2652 969 infectum
2713 911 2809 968 est
2868 910 2937 967 ut
3008 903 3089 967 de
3149 903 3289 988 ejus

614 1012 982 1078 reductione
1027 1022 1090 1076 et
1136 1010 1335 1077 salute
1382 1013 1463 1077 sit
1520 1013 1778 1077 omnino
1826 1011 2310 1098 desperandum.
2405 1011 2591 1096 eujus
2649 1009 2951 1076 haeretici
3013 1032 3161 1074 cum
3221 1010 3287 1073 in
3337 1018 3370 1069 5

615 1118 812 1184 multo
872 1118 1279 1205 paucioribus
1336 1142 1376 1183 a
1433 1117 1616 1184 nobis
1661 1118 2037 1184 dissentiant
2095 1141 2288 1206 quam
2349 1115 2701 1184 Lutherani
2761 1125 2873 1183 aut
2926 1113 3287 1201 Zvingliani

613 1233 676 1289 et
734 1223 831 1290 his
889 1225 1136 1313 pejores
1191 1224 1654 1313 Anabaptistae
1710 1232 1824 1291 aut
1881 1225 2006 1291 alia
2079 1248 2455 1313 quecunque
2513 1234 2804 1313 portenta
2864 1223 3285 1289 hereticorum

614 1331 1025 1398 Germaniae:
1084 1333 1176 1398 sic
1230 1335 1418 1399 etiam
1468 1335 1709 1421 optima
1756 1357 1899 1421 spes
1943 1343 2071 1416 est,
2127 1336 2178 1399 si
2228 1332 2499 1421 benigne
2544 1340 2609 1399 et
2655 1331 2929 1398 humane
2979 1340 3288 1396 vocentur

612 1440 697 1505 ad
742 1438 1079 1505 concilium
1127 1439 1275 1505 dato
1320 1439 1443 1505 illis
1489 1442 1826 1507 sufficienti
1874 1439 2051 1507 salvo
2085 1441 2424 1524 conductu,
2470 1441 2604 1506 fore
2652 1448 2722 1505 ut
2752 1436 3072 1526 aliquibus
3100 1437 3287 1503 bonis

613 1545 1126 1635 persuasionibus
1169 1547 1236 1611 in
1283 1547 1547 1613 concilio
1593 1549 1837 1614 inducti
1883 1572 2028 1614 cum
2076 1548 2322 1635 reliqua
2378 1546 2688 1614 catholica
2747 1547 3017 1612 ecclesia
3084 1544 3281 1610 coale-
3306 1553 3368 1605 10

610 1663 808 1720 scant.
901 1656 1096 1740 igitur
1142 1654 1434 1720 dominus
1481 1658 1756 1721 nuncius
1802 1657 2268 1722 communicato
2315 1654 2574 1720 consilio
2628 1677 2771 1719 cum
2821 1656 3008 1719 Sermo
3054 1653 3284 1718 Roma·

611 1785 838 1827 norum
884 1770 1000 1828 etc.
1051 1784 1200 1848 rege
1247 1770 1309 1827 et
1354 1763 1480 1828 R¹¹¹⁰
1528 1763 1785 1829 domino
1831 1762 2139 1829 cardinali
2188 1763 2560 1828 Tridentino
2617 1771 2914 1849 procuret
2959 1768 3031 1826 ut
3073 1760 3285 1825 medio

611 1878 675 1935 et
730 1871 1105 1935 auctoritate
1150 1870 1317 1936 Suae
1361 1871 1716 1958 Majestatis
1762 1870 2003 1958 aliquot
2049 1869 2448 1936 authenticae
2496 1872 2717 1956 copiae
2776 1866 2985 1935 bullae
3045 1868 3128 1932 ad
3175 1867 3284 1932 do·

613 1979 853 2042 minum
901 1977 1238 2042 Ernestum
1285 1979 1714 2065 praepositum
1762 1978 2168 2063 Pragensem,
2215 1976 2491 2043 nobilem
2537 1987 2602 2042 et
2640 1974 3020 2041 catholicum
3053 1977 3284 2056 virum,

610 2086 960 2167 mittantur,
1009 2085 1239 2171 detque
1285 2085 1351 2149 in
1399 2085 1716 2150 mandatis
1746 2108 1860 2173 per
1891 2108 2040 2151 suas
2072 2084 2288 2151 literas
2319 2085 2615 2151 dominus
2645 2085 2915 2150 nuncius
2960 2081 3284 2169 praedicto
3307 2088 3371 2140 15

609 2192 865 2258 domino
923 2192 1193 2256 Ernesto
1261 2189 1393 2279 (vel
1452 2190 1558 2256 alii
1618 2214 1807 2279 quem
1876 2192 2175 2258 idoneum
2233 2191 2537 2280 Majestas
2606 2194 2736 2258 Sua
2792 2189 3142 2278 judicabit)
3212 2198 3286 2256 ut

609 2298 968 2385 praedictas
1014 2297 1225 2363 bullae
1269 2300 1515 2386 copias,
1576 2322 1701 2387 quo
1761 2299 2002 2365 meliori
2064 2299 2253 2365 modo
2288 2300 2706 2387 judicaverit,
2753 2322 2868 2388 per
2914 2299 3280 2363 universum

611 2403 949 2472 Bohemiae
1016 2428 1281 2492 regnum
1352 2414 1415 2471 et
1475 2409 1848 2493 praesertim
1893 2429 2008 2494 per
2065 2429 2173 2472 eos
2218 2408 2328 2494 qui
2373 2430 2440 2472 se
2505 2430 2622 2494 pro
2668 2405 2968 2494 praelatis
3033 2415 3283 2492 gerunt,

611 2512 950 2578 distribuat
994 2520 1057 2578 et
1100 2537 1229 2578 una
1259 2513 1457 2579 addat
1488 2515 1870 2580 tutissimum
1915 2513 2162 2580 salvum
2196 2514 2582 2580 conductum
2627 2513 2750 2579 illis
2793 2537 2929 2579 esse
2976 2514 3283 2597 dandum,

609 2644 737 2687 non
806 2618 1007 2690 solum
1074 2645 1114 2687 a
1179 2629 1582 2688 sacrosancta
1635 2622 1913 2709 synodo,
1971 2620 2079 2688 sed
2140 2623 2331 2688 etiam
2386 2623 2746 2688 interventu
2807 2620 3158 2689 Caesareae
3217 2624 3372 2688 etz)

608 2728 846 2814 Regiae
894 2728 1264 2813 Maiestatis.

787 2835 1126 2901 Praeterea
1186 2837 1337 2924 quia
1392 2836 1606 2902 salvus
1668 2837 2024 2903 conductus
2081 2846 2176 2902 est
2234 2839 2512 2902 maxime
2571 2838 2966 2903 necessarius
3010 2837 3093 2901 ad
3139 2859 3282 2923 per·

608 2945 836 3009 sectam
884 2942 1369 3009 celebrationem
1414 2942 1790 3009 universalis
1837 2943 2113 3028 concilii,
2160 2946 2322 3011 sicut
2367 2947 2557 3010 etiam
2604 2944 2900 3009 dominus
2946 2945 3282 3032 episcopus

608 3051 897 3117 Viennae
952 3050 1298 3138 prudenter
1365 3052 1431 3115 in
1506 3051 1638 3117 suis
1701 3052 2202 3139 Praeparatoriis
2275 3052 2605 3118 adnotavit
2674 3061 2738 3117 et
2803 3059 2991 3117 antea
3048 3052 3280 3119 San¹¹¹¹¹⁵

610 3158 924 3224 Dominus
952 3158 1182 3224 Noster
1215 3159 1355 3247 jam
1401 3166 1554 3224 tunc
1599 3158 1681 3224 ab
1727 3160 1926 3240 initio,
1973 3183 2118 3225 eum
2166 3158 2341 3225 bulla
2386 3158 2638 3225 concilii
2683 3157 3097 3242 formabatur,
3146 3160 3365 3224 ani-25

606 3266 1065 3349 madverterat,
1126 3266 1273 3332 licet
1329 3289 1411 3331 ex
1470 3268 1675 3333 causis
1732 3268 1797 3332 in
1845 3270 2249 3355 responsione
2295 3267 2462 3333 Suae
2508 3267 2876 3333 Sanctitatis
2941 3266 3027 3331 ad
3087 3266 3280 3331 Prae·

606 3375 925 3461 paratoria
968 3374 1293 3462 praedicta
1338 3375 1652 3461 expressis
1698 3374 1856 3440 haec
1915 3396 2016 3439 res
2072 3374 2262 3440 fuerit
2319 3374 2403 3439 ad
2450 3373 2828 3440 Caesaream
2875 3372 3279 3461 Majestatem

607 3483 899 3548 remissa:
946 3482 1184 3548 idcirco
1216 3482 1508 3547 dominus
1554 3484 1824 3547 nuncius
1871 3479 2087 3547 habito
2135 3484 2313 3570 prius
2361 3480 2675 3570 colloquio
2721 3481 2803 3546 de
2847 3480 2971 3546 bac
3013 3504 3085 3546 re
3129 3504 3278 3546 cum

606 3590 733 3654 Β1110
781 3588 1035 3655 domino
1082 3589 1455 3655 Tridentino
1502 3599 1566 3655 et
1609 3590 1865 3656 domino
1915 3590 2199 3656 Viennae
2258 3591 2554 3677 episcopo
2604 3596 2834 3654 tractet
2878 3612 3028 3654 cum
3075 3588 3279 3675 Regia

607 3695 940 3783 Majestate
986 3704 1059 3761 ut
1102 3695 1341 3762 dictum
1387 3697 1636 3762 salvum
1684 3697 2067 3763 conductum
2128 3721 2244 3785 pro
2297 3698 2482 3763 terris
2539 3697 2805 3785 imperio
2873 3694 3148 3761 subditis
3202 3709 3365 3763 ac30

605 3803 798 3868 etiam
845 3804 974 3867 suis
1019 3803 1565 3889 patrimonialibus
1621 3805 1688 3869 in
1748 3805 1990 3891 optima
2047 3805 2254 3869 forma
2310 3805 2640 3892 expediat,
2703 3811 2766 3870 et
2810 3806 2867 3869 si
2889 3799 3168 3892 'putaret
3211 3804 3278 3868 id

606 3933 733 3975 non
780 3912 932 3975 satis
977 3933 1111 3975 esse
1157 3910 1239 3976 ob
1288 3910 1795 3978 Lutheranorum
1857 3913 2217 4000 principum
2278 3911 2709 3978 cavillationes
2753 3918 2817 3976 et
2861 3909 3277 3998 subterfugia,

605 4028 902 4106 procuret
958 4026 1027 4083 ut
1086 4020 1430 4106 imperator
1487 4022 1552 4084 in
1613 4021 1821 4085 forma
1878 4018 2094 4085 debita
2138 4020 2534 4107 praedictum
2593 4018 2842 4085 salvum
2887 4019 3274 4086 conductum

606 4125 920 4212 expediat.
968 4126 1138 4211 quod
1184 4128 1236 4190 si
1263 4127 1474 4192 adhuc
1509 4126 1741 4194 vellent
1774 4127 2124 4193 Lutherani
2171 4128 2596 4215 tergiversari,
2639 4127 3003 4214 significare
3045 4130 3278 4215 poterit

604 4234 899 4298 dominus
943 4234 1214 4299 nuncius
1259 4257 1385 4320 eos,
1432 4257 1577 4300 cum
1624 4237 1902 4323 primum
1950 4235 2329 4300 Tridentum
2377 4236 2815 4323 pervenerint,
2860 4234 3074 4301 locum
3121 4237 3273 4301 civi-
3294 4245 3361 4300 35

604 4342 723 4406 tati
767 4339 1070 4406 Mantuae
1101 4341 1369 4407 duorum
1402 4350 1647 4408 tantum
1681 4343 1928 4408 dierum
1973 4343 2198 4409 itinere
2244 4345 2545 4428 vicinum,
2591 4344 2964 4431 priusquam
3012 4342 3276 4408 ulterius

603 4449 1126 4536 progrediantur,
1186 4451 1377 4516 etiam
1437 4472 1477 4515 a
1533 4473 1717 4516 sacra
1777 4450 2020 4538 synodo
2080 4449 2240 4515 salvi
2298 4451 2650 4517 conductus
2705 4457 2996 4538 patentes
3060 4449 3276 4516 literas

603 4554 931 4623 habituros
958 4556 1031 4646 ⁸).

744 4739 784 4786 a)
815 4737 877 4777 An
905 4737 1037 4778 dim
1065 4738 1183 4777 Stella
1211 4738 1285 4777 hal
1310 4737 1382 4776 der
1413 4738 1505 4778 cod.
1546 4737 1628 4779 Vat.
1650 4738 1759 4780 3915
1789 4739 1867 4779 den
1897 4738 2062 4786 Zusatz.
2092 4737 2258 4778 wolchm-
2284 4740 2341 4777 im
2375 4736 2442 4779 Or.
2462 4738 2600 4790 fehlt.-
2637 4737 2790 4788 Neque
2819 4737 2934 4779 illud
2962 4739 3035 4779 est
3061 4738 3270 4780 omitten-

601 4809 727 4851 dum:
766 4819 864 4850 eum
891 4808 1044 4850 mnus
1073 4807 1278 4848 Nantuae
1305 4808 1392 4849 dux
1422 4808 1536 4850 sacri
1566 4809 1743 4851 Romani
1780 4809 1952 4861 imperii
1992 4809 2056 4851 ult
2082 4808 2308 4858 vasallus,
2350 4810 2401 4850 ut
2435 4808 2622 4851 tonatur
2659 4810 2803 4852 omni·
2831 4820 2972 4853 mun
2998 4811 3133 4853 otim
3161 4811 3266 4853 aliis
3287 4792 3358 4846 40
