3500 5300
1227 378 1326 436 Nc.
1369 381 1498 437 174:
1541 382 1678 438 1535
1713 380 1824 437 Juli
1863 382 1911 438 7.
2801 384 2902 443 441

227 575 394 642 174.
507 576 787 658 Vei-glorio
831 600 920 640 an
969 578 1279 642 ,Riealcate‘
1296 600 1316 641 .·
1383 578 1530 642 iiber
1588 579 1688 642 dete
1740 579 2028 657 Griinde,
2099 579 2198 642 die
2255 580 2372 644 den
2435 580 2765 647 Woivoden
2810 584 2903 647 be·
2964 586 3100 666 15ᾃὸ

223 684 526 746 summm
570 684 820 764 ‹zitften
888 685 1017 764 auf
1061 686 1247 765 jalen
1305 685 1454 749 Fau
1517 686 1637 749 met
1681 686 1765 749 K.
1814 686 2187 751 Ferdinamz
2241 686 2371 750 sech
2426 709 2509 752 zu
2568 696 2902 772 verti-aym.
2924 653 3048 707 ‘'²⁴'‘
3090 658 3123 709 ⁷

239 789 626 872 Vorse'chtiye
671 790 960 872 Haltuny
1005 792 1110 854 (les
1160 792 1445 856 Nuntius·
1489 792 1582 856 bez:
1627 792 1746 856 clem
1807 792 2322 876 Verhamllunyen
2336 843 2352 870 ,
2412 816 2521 858 um
2582 796 2701 860 (166
2760 798 2903 861 Ver-

223 895 434 972 dacht,
481 896 612 978 dost
678 897 785 960 der
833 898 1032 978 Papst
1097 899 1395 962 ‹edweder
1454 899 1571 962 den
1619 899 1891 964 Frieden
1949 900 2293 980 ‘e'iberhaupt
2348 902 2519 965 nicht
2578 903 2720 966 oder
2778 925 2904 967 “etur

169 1012 202 1065 5
222 1003 414 1066 emen
468 1003 580 1083 fii-r
637 1003 754 1067 den
818 1004 1145 1069 lVoivoden
1201 1006 1529 1087 yiinstiyen
1575 1006 1849 1069 Frieden
1908 1005 2074 1071 wolle
2088 1056 2105 1084 ‚
2171 1027 2253 1070 zu
2319 1007 2682 1090 entkw'z'ften.
2777 1012 2830 1074 A
2841 1013 2902 1074 b-

219 1108 548 1191 fertiyunq
591 1110 697 1173 des
741 1110 1092 1174 tiirkischen
1146 1112 1504 1175 Gesandten
1553 1111 1814 1176 Mumin
1856 1114 1994 1176 und
2039 1113 2252 1177 Zweck
2306 1115 2505 1179 semes
2550 1116 2902 1181 IGmemenS.

225 1219 396 1281 1535
447 1215 590 1280 Juli
637 1220 678 1279 7
738 1217 936 1282 Wen.

374 1341 500 1394 Aua
555 1340 793 1410 Neapel,
854 1341 1086 1396 Grande
1142 1343 1405 1397 Archim'o
1462 1342 1629 1399 Carte
1677 1343 1904 1398 Fames.
1955 1342 2112 1398 Fasc.
2165 1345 2268 1398 692
2328 1344 2510 1414 Oria,
2570 1348 2906 1417 Hauptthet'l

449 1428 723 1494 chiffviert
736 1450 755 1496 ,·
790 1448 909 1485 vom
944 1431 1330 1501 Herausqeber
1364 1431 1655 1496 mtziffort.

139 1549 204 1601 10
409 1534 599 1600 Nelle
645 1536 864 1602 ultime
910 1540 1054 1616 mie,
1100 1537 1217 1602 che
1263 1537 1494 1602 furono
1540 1538 1621 1603 de
1669 1537 1737 1603 di
1787 1537 1911 1603 due
1958 1537 2062 1603 del
2111 1549 2426 1625 presente,
2479 1545 2693 1608 scrissi
2742 1544 2903 1609 che’l
2920 1544 3044 1598 Juli
3079 1548 3118 1604 2

221 1651 495 1707 trattato
541 1642 710 1708 della
753 1666 912 1731 pace
945 1642 1338 1729 d’Ungheria
1385 1667 1493 1709 era
1523 1667 1702 1710 come
1748 1646 1815 1709 in
1860 1655 2001 1710 rota
2049 1656 2113 1709 et
2142 1645 2575 1733 disperatione
2607 1673 2901 1736 aprresso

221 1750 475 1829 alcuni,
546 1751 880 1837 percioche
939 1750 1157 1838 doppo
1216 1750 1404 1816 alcun
1461 1753 1798 1836 maneggio
1864 1750 1969 1817 del
2038 1754 2292 1837 negotio
2363 1766 2590 1839 questa
2646 1756 2903 1823 Maesta

221 1878 472 1943 pareva
517 1879 645 1921 non
691 1858 870 1922 voler
913 1858 1030 1922 dar
1075 1856 1365 1924 orecchie
1412 1858 1494 1922 ad
1540 1858 1724 1922 alcun
1780 1860 2014 1944 partito
2074 1860 2181 1925 nel
2227 1860 2374 1945 qual
2418 1884 2547 1927 non
2593 1865 2658 1928 vi
2704 1867 2901 1929 inter-

223 1965 487 2029 venisse
532 1966 820 2030 mention
865 1963 930 2028 di
977 1967 1230 2030 cession
1274 1964 1381 2031 del
1427 1986 1623 2050 regno
1637 2014 1655 2045 ‚
1715 1973 1781 2030 et
1834 1965 1879 2029 li
1934 1964 2395 2031 ambasciadori
2442 1967 2548 2034 del
2594 1968 2902 2036 Vaivoda

142 2081 206 2133 15
224 2069 624 2135 dimostrano
678 2070 859 2136 voler
916 2073 1189 2138 assentir
1216 2094 1335 2158 per
1379 2080 1687 2136 aventura
1733 2070 1816 2135 ad
1862 2074 2011 2158 ogni
2052 2072 2214 2137 altro
2248 2082 2493 2140 eccetto
2540 2100 2578 2141 a
2625 2076 2898 2163 quell’un

225 2176 386 2241 6616.
482 2186 549 2242 et
605 2178 821 2242 scrissi
880 2177 1159 2243 etiandio
1221 2199 1349 2242 non
1407 2180 1642 2242 ostanti
1700 2177 1763 2243 16
1821 2199 1968 2243 cose
2014 2178 2308 2264 predette
2354 2180 2472 2246 che
2519 2185 2582 2246 io
2629 2206 2900 2270 sperava

227 2283 349 2348 che
396 2286 466 2348 vi
498 2280 774 2350 dovesse
816 2286 1046 2362 riuscir
1088 2283 1152 2349 la
1196 2307 1372 2370 pace.
1449 2283 1680 2350 adesso
1726 2287 1790 2349 io
1822 2284 1968 2350 dico
2016 2284 2061 2349 il
2107 2286 2474 2366 medesimO,
2521 2289 2637 2354 che
2685 2313 2724 2355 a
2768 2294 2899 2356 mio

227 2390 472 2456 iudicio
541 2390 663 2456 ella
728 2394 1023 2470 riuscira‚
1077 2414 1148 2456 se
1195 2392 1323 2457 ben
1375 2393 1464 2456 fin
1507 2392 1664 2456 hora
1707 2399 1875 2456 tutte
1923 2391 2047 2456 due
2093 2392 2153 2457 16
2205 2396 2371 2479 parti
2415 2402 2644 2460 stanno
2696 2397 2899 2462 ferme

228 2520 304 2562 su
351 2498 500 2584 quel
558 2500 791 2564 istesso
850 2500 1198 2585 proposito,
1291 2507 1355 2563 et
1413 2499 1476 2562 la
1533 2500 1791 2583 ragione
1848 2497 1964 2563 che
2023 2500 2110 2562 mi
2168 2521 2357 2564 move
2416 2507 2450 2564 e
2508 2512 2736 2587 questa
2781 2504 2898 2570 che

144 2606 296 2670 zoin
339 2604 465 2670 fine
511 2611 823 2671 converra
867 2605 933 2671 di
979 2608 1296 2671 necessita
1340 2605 1459 2671 che
1504 2607 1551 2671 il
1579 2603 1890 2672 Vaivoda
1934 2604 2107 2671 facia
2150 2628 2332 2671 come
2364 2608 2491 2693 egli
2539 2615 2622 2696 po
2670 2618 2735 2676 et
2778 2611 2897 2678 che

229 2715 283 2776 si
329 2714 537 2777 acosti
580 2736 620 2777 a
665 2712 1072 2778 Ferdinando
1089 2762 1106 2792 ‚
1164 2712 1378 2797 voglia
1436 2735 1475 2777 o
1534 2734 1663 2777 non
1708 2713 1956 2797 voglia‚
2016 2734 2141 2777 con
2199 2713 2406 2798 quelle
2458 2738 2686 2782 manco
2732 2720 2896 2784 male

230 2890 493 2962 religione
530 2890 832 2945 christiana
868 2891 947 2945 ita
984 2891 1219 2946 libenter
1255 2891 1500 2946 videmus
1537 2890 1804 2945 laborare.
1860 2890 2008 2961 quod
2046 2908 2174 2946 vero
2214 2900 2450 2947 mentem
2488 2903 2544 2948 et
2582 2901 2769 2951 votum
2809 2896 2898 2966 (ut.

231 2979 500 3045 scribitis)
555 2988 804 3035 nostrum
840 2981 909 3035 de
954 2980 1076 3035 1666
1113 2980 1429 3036 celebrandi
1474 2980 1695 3035 concilii
1745 2980 1947 3035 iterum
1983 2981 2298 3052 exquiritis,
2338 2982 2470 3037 licet
2503 2982 2724 3039 abunde
2761 2987 2896 3041 satis

232 3086 398 3139 super
451 3070 559 3125 1166
614 3070 845 3141 negocio
911 3077 969 3124 et
1022 3070 1200 3141 primo
1267 3069 1759 3140 interrogationum
1816 3075 2120 3123 vestrarum
2191 3071 2373 3140 capite
2436 3073 2895 3142 responderimus,

147 3165 493 3231 25attamen,
532 3175 601 3212 ne
635 3158 904 3213 desiderio
942 3169 1124 3213 vestro
1159 3159 1416 3227 desimus,
1454 3159 1845 3229 respondemus
1881 3159 2046 3213 tertio
2084 3156 2220 3228 [das
2248 3165 2384 3214 crste
2409 3160 2533 3214 und
2559 3162 2743 3215 zweite
2770 3163 2898 3216 Mal

230 3247 302 3302 ist
336 3265 447 3303 von
485 3247 584 3301 der
619 3254 795 3303 ersten
831 3248 953 3302 und
986 3250 1209 3303 zweiten
1235 3248 1616 3302 Anwesenheit
1652 3248 1745 3303 des
1772 3246 2029 3301 Nuntius
2066 3248 2203 3301 beim
2230 3248 2446 3317 Herzoy
2479 3267 2550 3303 zu
2588 3250 2896 3320 versulam]

231 3334 519 3391 Mantuam
567 3335 800 3391 Romam
845 3345 904 3391 et
950 3338 1174 3392 ultimos
1221 3335 1359 3391 fines
1408 3345 1588 3391 terrae
1636 3337 1817 3391 denuo
1852 3335 2089 3406 placere,
2140 3353 2319 3407 neque
2368 3338 2541 3392 ullum
2587 3339 2893 3408 periculum

233 3426 595 3481 abhorrentes
630 3444 732 3497 pro
768 3425 877 3481 fide
913 3434 970 3481 et
998 3426 1263 3497 religione
1289 3433 1478 3480 nostra
1517 3434 1574 3480 et
1601 3425 1952 3480 resarcienda
1986 3433 2044 3479 et
2071 3425 2413 3480 stabilienda.
2470 3427 2516 3480 si
2554 3443 2683 3481 vero
2711 3427 2892 3482 Sanno

233 3513 468 3570 Domino
520 3514 721 3571 Nostro
770 3521 827 3570 et
876 3515 1177 3571 Caesareae
1228 3513 1508 3586 Majestati
1556 3515 1718 3569 aliter
1767 3514 1947 3568 visum
1998 3514 2165 3569 fuerit
2212 3514 2281 3568 de
2330 3515 2545 3570 concilii
2604 3516 2724 3570 1666
2772 3534 2891 3587 pre-

149 3604 540 3675 mas-ribendo,
575 3606 759 3660 omnia
793 3605 849 3658 in
886 3605 1103 3659 illorum
1140 3603 1434 3658 arbitrium
1468 3604 1749 3673 rejicimus
1779 3603 2035 3674 quodque
2073 3604 2144 3657 ad
2182 3620 2280 3657 nos
2307 3604 2508 3658 attinet
2535 3604 2746 3658 nullum
2784 3622 2892 3659 non

234 3692 477 3750 officium
514 3694 773 3749 catholici
801 3694 1066 3765 principis
1092 3693 1418 3764 pollicemur
1443 3700 1805 3764 prestatur-os,
1842 3700 2126 3763 sperantes
2163 3692 2386 3763 insuper
2423 3700 2667 3747 coeteros
2698 3694 2893 3749 circuli

235 3781 486 3838 Bavarici
524 3783 801 3854 principes
836 3790 895 3838 et
929 3790 1109 3837 status
1143 3799 1180 3836 a
1215 3781 1374 3837 nobis
1403 3783 1623 3837 minime
1648 3781 1992 3836 dissensuros
2027 3780 2160 3836 fore.
2236 3780 2495 3851 Venediy,
2531 3782 2682 3836 Bibl.
2709 3782 2890 3839 Marc.

235 3871 324 3927 lat.
361 3872 433 3928 cl.
470 3871 558 3926 IX
596 3873 713 3928 cod.
753 3873 822 3927 66
858 3871 951 3927 fol.
995 3871 1096 3926 154
1136 3869 1305 3942 Om’q„
1341 3889 1383 3925 s.
1415 3871 1469 3925 d.
1507 3877 1560 3925 ct
1596 3871 1664 3938 l.;
1700 3870 1868 3939 Copia
1903 3870 2061 3939 Rom,
2098 3870 2246 3924 Bam.
2282 3870 2401 3924 Vat.
2431 3869 2563 3925 Cod.
2594 3871 2721 3925 Vat.
2749 3873 2893 3927 3914

235 3960 321 4016 fol.
358 3962 547 4015 22421·
583 3962 686 4015 mit
721 3961 844 4016 dem
871 3961 1086 4016 Datum
1113 3959 1391 4015 Monachii
1428 3960 1517 4014 die
1546 3959 1615 4014 25
1645 3960 1774 4031 julii
1812 3959 1952 4014 1535
1987 3958 2111 4013 und
2145 3959 2271 4014 dem
2319 3957 2572 4014 Vermerk
2603 3960 2737 4015 fiber
2773 3960 2892 4015 dem

152 4063 220 4117 35
240 4051 368 4105 Text
416 4051 509 4105 hic
558 4058 645 4105 est
693 4067 926 4121 magnus
972 4051 1229 4121 princeps
1277 4057 1335 4104 et
1370 4049 1678 4105 catholicus
1715 4055 1855 4117 etc.,
1901 4048 1998 4119 qui
2048 4050 2282 4103 multum
2328 4049 2584 4104 convenit
2619 4056 2724 4105 etc.
2764 4067 2892 4105 cum

237 4137 425 4194 Gallis.
491 4139 634 4195 bene
669 4139 961 4210 respondet
996 4156 1161 4210 super
1196 4139 1318 4194 loco
1355 4138 1590 4193 concilii.
1634 4165 1697 4175 -
1728 4135 1864 4203 Aut*
1886 4138 2006 4192 eine
2042 4154 2179 4192 neue
2215 4137 2468 4206 Anti-aye
2504 4137 2599 4192 des
2637 4138 2890 4209 Veraci-io

239 4234 552 4284 annuende
588 4228 746 4282 dana
783 4229 881 4283 der
921 4228 1131 4297 Herzog
1171 4258 1235 4267 -
1275 4234 1442 4282 etwas
1477 4227 1826 4298 unqeduldiy
1869 4257 1927 4265 —
1968 4245 2062 4281 am
2108 4230 2186 4281 27
2222 4226 2373 4281 Juli:
2423 4226 2642 4281 Literas
2678 4235 2890 4283 vestras

238 4320 545 4388 accepimus
595 4326 652 4373 et
701 4318 1078 4372 intelleximus.
1153 4326 1433 4372 caeterum
1485 4318 1556 4371 ad
1607 4318 1796 4371 literas
1844 4316 2051 4386 priores
2089 4316 2334 4370 Viennae
2381 4316 2451 4369 ad
2489 4333 2586 4370 1166
2623 4317 2785 4371 datas
2822 4317 2889 4371 de

240 4406 356 4461 loco
391 4407 609 4462 concilii
646 4407 883 4462 dilucide
933 4414 991 4460 et
1038 4405 1258 4461 abunde
1296 4407 1706 4478 rescripsimus;
1758 4422 1994 4476 cumque
2041 4406 2179 4459 nihil
2225 4404 2557 4476 ambigimus
2606 4422 2702 4459 eas
2740 4407 2889 4476 ipsas

159 4496 306 4561 40ad
352 4514 444 4551 vos
492 4497 764 4567 perlatas,
815 4513 1280 4566 supervacancum
1337 4512 1456 4550 esse
1503 4496 1757 4550 duximus
1807 4495 2007 4549 iterum
2056 4503 2224 4564 atque
2290 4495 2487 4548 iterum
2544 4495 2887 4563 respondere.

240 4593 476 4640 nostrum
522 4587 666 4642 enim
719 4586 772 4639 in
823 4586 928 4641 hoc
979 4586 1199 4656 negotio
1248 4586 1522 4640 catholico
1569 4592 1626 4639 et
1673 4583 1838 4638 fidem
1883 4591 1941 4639 et
1975 4581 2220 4639 officium
2266 4583 2504 4652 benigne
2548 4583 2886 4654 pollicemur.

251 4675 490 4747 Venediy,
529 4678 563 4730 l.
596 4676 628 4729 l.
661 4676 753 4729 lat.
785 4675 853 4730 61.
885 4675 968 4729 lx
998 4676 1116 4729 cod.
1147 4677 1217 4730 66
1244 4675 1338 4730 fol.
1377 4676 1472 4729 153
1515 4673 1663 4743 Oriy.
1707 4704 1770 4712 -
1810 4673 1952 4727 Dem
1996 4673 2299 4741 Verlanyen
2336 4672 2429 4726 des
2462 4672 2715 4739 Veryerio
2751 4672 2886 4737 alsa,

245 4764 348 4819 ihm
372 4765 458 4820 die
491 4766 1006 4820 Gesummtamwm·t
1034 4765 1126 4821 des
1154 4765 1377 4819 Kreiscs
1402 4781 1472 4818 zu
1500 4763 1822 4831 beschaffen,
1850 4763 2041 4818 weicht
2070 4761 2167 4816 der
2191 4761 2407 4830 Her-209
2434 4760 2740 4814 bekarrlich
2766 4776 2887 4817 aus.
