<?xml version="1.0" encoding="UTF-8"?>
<!DOCTYPE html PUBLIC "-//W3C//DTD XHTML 1.0 Transitional//EN"
    "http://www.w3.org/TR/xhtml1/DTD/xhtml1-transitional.dtd">
<html xmlns="http://www.w3.org/1999/xhtml" xml:lang="en" lang="en">
 <head>
  <title>
</title>
<meta http-equiv="Content-Type" content="text/html;charset=utf-8" />
  <meta name='ocr-system' content='tesseract 3.04.00' />
  <meta name='ocr-capabilities' content='ocr_page ocr_carea ocr_par ocr_line ocrx_word'/>
</head>
<body>
  <div class='ocr_page' id='page_1' title='image "./nuntiaturberich02deugoog_1068.png"; bbox 0 0 3500 5300; ppageno 0'>
   <div class='ocr_carea' id='block_1_1' title="bbox 1385 326 2932 388">
    <p class='ocr_par' dir='ltr' id='par_1_1' title="bbox 1385 326 2932 388">
     <span class='ocr_line' id='line_1_1' title="bbox 1385 326 2932 388; baseline 0.003 -5"><span class='ocrx_word' id='word_1_1' title='bbox 1385 329 1484 384; x_wconf 89' lang='lat' dir='ltr'><strong>No.</strong></span> <span class='ocrx_word' id='word_1_2' title='bbox 1525 330 1628 384; x_wconf 67' lang='lat'><strong>1¹⁸:</strong></span> <span class='ocrx_word' id='word_1_3' title='bbox 1666 330 1823 385; x_wconf 80' lang='lat'><strong>1536.</strong></span> <span class='ocrx_word' id='word_1_4' title='bbox 2827 326 2932 388; x_wconf 76' lang='lat'><strong>871</strong></span> 
     </span>
    </p>
   </div>
   <div class='ocr_carea' id='block_1_2' title="bbox 163 525 3129 3182">
    <p class='ocr_par' dir='ltr' id='par_1_2' title="bbox 163 525 3129 3182">
     <span class='ocr_line' id='line_1_2' title="bbox 274 525 3129 613; baseline 0 -23"><span class='ocrx_word' id='word_1_5' title='bbox 274 531 460 590; x_wconf 86' lang='lat' dir='ltr'><strong>natus</strong></span> <span class='ocrx_word' id='word_1_6' title='bbox 490 525 543 611; x_wconf 91' lang='lat'><strong>¹)</strong></span> <span class='ocrx_word' id='word_1_7' title='bbox 587 525 659 590; x_wconf 84' lang='lat' dir='ltr'><strong>fit</strong></span> <span class='ocrx_word' id='word_1_8' title='bbox 717 525 953 590; x_wconf 86' lang='lat' dir='ltr'><strong>mentio</strong></span> <span class='ocrx_word' id='word_1_9' title='bbox 1014 527 1547 609; x_wconf 82' lang='lat' dir='ltr'><strong>reservationum‚</strong></span> <span class='ocrx_word' id='word_1_10' title='bbox 1605 548 1729 613; x_wconf 91' lang='lat' dir='ltr'><strong>que</strong></span> <span class='ocrx_word' id='word_1_11' title='bbox 1789 527 1908 591; x_wconf 87' lang='lat' dir='ltr'><strong>fuit</strong></span> <span class='ocrx_word' id='word_1_12' title='bbox 1967 527 2334 592; x_wconf 86' lang='lat' dir='ltr'><strong>constitutio</strong></span> <span class='ocrx_word' id='word_1_13' title='bbox 2393 526 2744 592; x_wconf 89' lang='lat' dir='ltr'><strong>Innocentii</strong></span> <span class='ocrx_word' id='word_1_14' title='bbox 2795 527 2935 611; x_wconf 91' lang='lat'><em>111.‚</em></span> <span class='ocrx_word' id='word_1_15' title='bbox 2990 531 3129 583; x_wconf 83' lang='lat'><em>1535</em></span> 
     </span>
     <span class='ocr_line' id='line_1_3' title="bbox 274 632 2937 720; baseline 0.001 -24"><span class='ocrx_word' id='word_1_16' title='bbox 274 634 380 719; x_wconf 91' lang='lat' dir='ltr'><strong>qui</strong></span> <span class='ocrx_word' id='word_1_17' title='bbox 426 633 712 718; x_wconf 83' lang='lat' dir='ltr'><strong>pontifex</strong></span> <span class='ocrx_word' id='word_1_18' title='bbox 758 641 894 696; x_wconf 88' lang='lat' dir='ltr'><strong>erat</strong></span> <span class='ocrx_word' id='word_1_19' title='bbox 938 655 1105 697; x_wconf 82' lang='lat' dir='ltr'><strong>anno</strong></span> <span class='ocrx_word' id='word_1_20' title='bbox 1158 643 1342 700; x_wconf 87' lang='grc'><strong>1198.</strong></span> <span class='ocrx_word' id='word_1_21' title='bbox 1435 632 1817 698; x_wconf 85' lang='lat' dir='ltr'><strong>Celestinum</strong></span> <span class='ocrx_word' id='word_1_22' title='bbox 1866 635 2055 698; x_wconf 85' lang='lat' dir='ltr'><strong>etiam</strong></span> <span class='ocrx_word' id='word_1_23' title='bbox 2105 633 2244 716; x_wconf 68' lang='lat'>111„</span> <span class='ocrx_word' id='word_1_24' title='bbox 2307 633 2660 698; x_wconf 88' lang='lat' dir='ltr'><strong>Innocentii</strong></span> <span class='ocrx_word' id='word_1_25' title='bbox 2717 633 2937 720; x_wconf 90' lang='lat' dir='ltr'><strong>prede-</strong></span> 
     </span>
     <span class='ocr_line' id='line_1_4' title="bbox 272 738 2932 826; baseline 0 -22"><span class='ocrx_word' id='word_1_26' title='bbox 272 761 601 822; x_wconf 77' lang='lat' dir='ltr'>cessorem,</span> <span class='ocrx_word' id='word_1_27' title='bbox 648 738 949 804; x_wconf 83' lang='lat' dir='ltr'><strong>mandata</strong></span> <span class='ocrx_word' id='word_1_28' title='bbox 993 739 1072 804; x_wconf 93' lang='lat' dir='ltr'><strong>de</strong></span> <span class='ocrx_word' id='word_1_29' title='bbox 1103 738 1495 826; x_wconf 86' lang='lat' dir='ltr'><strong>providendo</strong></span> <span class='ocrx_word' id='word_1_30' title='bbox 1542 740 1624 805; x_wconf 84' lang='lat' dir='ltr'><strong>ad</strong></span> <span class='ocrx_word' id='word_1_31' title='bbox 1669 747 1978 805; x_wconf 81' lang='lat' dir='ltr'><strong>vacatura</strong></span> <span class='ocrx_word' id='word_1_32' title='bbox 2023 741 2400 806; x_wconf 78' lang='lat' dir='ltr'><strong>concessisse</strong></span> <span class='ocrx_word' id='word_1_33' title='bbox 2451 748 2697 805; x_wconf 87' lang='lat' dir='ltr'><strong>constat</strong></span> <span class='ocrx_word' id='word_1_34' title='bbox 2750 762 2834 805; x_wconf 87' lang='lat' dir='ltr'><strong>ex</strong></span> <span class='ocrx_word' id='word_1_35' title='bbox 2880 762 2932 804; x_wconf 90' lang='lat' dir='ltr'><strong>c.</strong></span> 
     </span>
     <span class='ocr_line' id='line_1_5' title="bbox 270 845 2935 935; baseline 0 -24"><span class='ocrx_word' id='word_1_36' title='bbox 270 848 597 933; x_wconf 79' lang='lat' dir='ltr'>proposuit</span> <span class='ocrx_word' id='word_1_37' title='bbox 654 845 733 911; x_wconf 91' lang='lat' dir='ltr'><strong>de</strong></span> <span class='ocrx_word' id='word_1_38' title='bbox 791 848 1194 911; x_wconf 80' lang='lat' dir='ltr'><strong>concessione</strong></span> <span class='ocrx_word' id='word_1_39' title='bbox 1252 845 1510 932; x_wconf 91' lang='lat' dir='ltr'><strong>preben.</strong></span> <span class='ocrx_word' id='word_1_40' title='bbox 1551 848 1621 932; x_wconf 76' lang='lat'><strong>¹¹).</strong></span> <span class='ocrx_word' id='word_1_41' title='bbox 1725 853 1789 912; x_wconf 86' lang='lat' dir='ltr'><strong>et</strong></span> <span class='ocrx_word' id='word_1_42' title='bbox 1857 846 1961 911; x_wconf 83' lang='lat' dir='ltr'><strong>alii</strong></span> <span class='ocrx_word' id='word_1_43' title='bbox 2030 846 2244 933; x_wconf 91' lang='lat' dir='ltr'><strong>plures</strong></span> <span class='ocrx_word' id='word_1_44' title='bbox 2311 869 2707 931; x_wconf 83' lang='lat' dir='ltr'><strong>concessere,</strong></span> <span class='ocrx_word' id='word_1_45' title='bbox 2777 869 2935 935; x_wconf 91' lang='lat' dir='ltr'><strong>quos</strong></span> 
     </span>
     <span class='ocr_line' id='line_1_6' title="bbox 216 951 2935 1040; baseline 0 -22"><span class='ocrx_word' id='word_1_46' title='bbox 216 965 638 1019; x_wconf 85' lang='lat' dir='ltr'><strong>5enumerare</strong></span> <span class='ocrx_word' id='word_1_47' title='bbox 683 953 938 1039; x_wconf 84' lang='lat' dir='ltr'><strong>longum</strong></span> <span class='ocrx_word' id='word_1_48' title='bbox 988 953 1162 1018; x_wconf 87' lang='lat' dir='ltr'><strong>foret.</strong></span> <span class='ocrx_word' id='word_1_49' title='bbox 1255 953 1398 1018; x_wconf 91' lang='lat' dir='ltr'><strong>ideo</strong></span> <span class='ocrx_word' id='word_1_50' title='bbox 1452 962 1802 1040; x_wconf 82' lang='lat' dir='ltr'><strong>preteream</strong></span> <span class='ocrx_word' id='word_1_51' title='bbox 1848 956 2325 1019; x_wconf 85' lang='lat' dir='ltr'><strong>constitutiones</strong></span> <span class='ocrx_word' id='word_1_52' title='bbox 2368 953 2685 1018; x_wconf 87' lang='lat' dir='ltr'><strong>Bonifacii</strong></span> <span class='ocrx_word' id='word_1_53' title='bbox 2731 951 2935 1036; x_wconf 90' lang='lat' dir='ltr'><strong>VIII.,</strong></span> 
     </span>
     <span class='ocr_line' id='line_1_7' title="bbox 270 1058 2935 1149; baseline -0 -23"><span class='ocrx_word' id='word_1_54' title='bbox 270 1084 321 1126; x_wconf 91' lang='lat' dir='ltr'><strong>c.</strong></span> <span class='ocrx_word' id='word_1_55' title='bbox 385 1061 437 1124; x_wconf 89' lang='lat' dir='ltr'><strong>si</strong></span> <span class='ocrx_word' id='word_1_56' title='bbox 496 1082 570 1124; x_wconf 96' lang='lat' dir='ltr'><strong>eo</strong></span> <span class='ocrx_word' id='word_1_57' title='bbox 617 1069 898 1147; x_wconf 88' lang='lat' dir='ltr'><strong>tempore</strong></span> <span class='ocrx_word' id='word_1_58' title='bbox 957 1060 1036 1125; x_wconf 85' lang='lat' dir='ltr'><strong>de</strong></span> <span class='ocrx_word' id='word_1_59' title='bbox 1095 1058 1271 1125; x_wconf 88' lang='lat' dir='ltr'><strong>elect.</strong></span> <span class='ocrx_word' id='word_1_60' title='bbox 1300 1061 1354 1148; x_wconf 79' lang='lat'><strong>³)</strong></span> <span class='ocrx_word' id='word_1_61' title='bbox 1402 1068 1464 1124; x_wconf 91' lang='lat' dir='ltr'><strong>et</strong></span> <span class='ocrx_word' id='word_1_62' title='bbox 1509 1083 1560 1124; x_wconf 89' lang='lat' dir='ltr'><strong>c.</strong></span> <span class='ocrx_word' id='word_1_63' title='bbox 1606 1062 1882 1147; x_wconf 85' lang='lat' dir='ltr'><strong>presenti</strong></span> <span class='ocrx_word' id='word_1_64' title='bbox 1946 1061 2024 1126; x_wconf 91' lang='lat' dir='ltr'><strong>de</strong></span> <span class='ocrx_word' id='word_1_65' title='bbox 2086 1061 2186 1124; x_wconf 86' lang='lat' dir='ltr'><strong>off.</strong></span> <span class='ocrx_word' id='word_1_66' title='bbox 2233 1059 2391 1146; x_wconf 83' lang='lat' dir='ltr'><strong>lega.</strong></span> <span class='ocrx_word' id='word_1_67' title='bbox 2439 1059 2601 1124; x_wconf 88' lang='lat' dir='ltr'><strong>libro</strong></span> <span class='ocrx_word' id='word_1_68' title='bbox 2654 1071 2690 1128; x_wconf 89' lang='grc'><strong>6</strong></span> <span class='ocrx_word' id='word_1_69' title='bbox 2721 1059 2811 1149; x_wconf 82' lang='lat'><strong>⁴),</strong></span> <span class='ocrx_word' id='word_1_70' title='bbox 2872 1067 2935 1125; x_wconf 86' lang='lat' dir='ltr'><strong>et</strong></span> 
     </span>
     <span class='ocr_line' id='line_1_8' title="bbox 269 1166 2934 1254; baseline -0 -22"><span class='ocrx_word' id='word_1_71' title='bbox 269 1167 617 1253; x_wconf 81' lang='lat' dir='ltr'><strong>Extravag.</strong></span> <span class='ocrx_word' id='word_1_72' title='bbox 667 1167 749 1232; x_wconf 81' lang='lat' dir='ltr'><strong>ad</strong></span> <span class='ocrx_word' id='word_1_73' title='bbox 810 1168 1089 1253; x_wconf 86' lang='lat' dir='ltr'><strong>regimen</strong></span> <span class='ocrx_word' id='word_1_74' title='bbox 1138 1167 1463 1232; x_wconf 88' lang='lat' dir='ltr'><strong>Benedicti</strong></span> <span class='ocrx_word' id='word_1_75' title='bbox 1511 1166 1629 1231; x_wconf 91' lang='lat' dir='ltr'><strong>XI.</strong></span> <span class='ocrx_word' id='word_1_76' title='bbox 1659 1168 1712 1254; x_wconf 75' lang='lat'><strong>⁶)</strong></span> <span class='ocrx_word' id='word_1_77' title='bbox 1731 1217 1749 1251; x_wconf 86' lang='lat'><em>‚</em></span> <span class='ocrx_word' id='word_1_78' title='bbox 1810 1190 1890 1232; x_wconf 90' lang='lat' dir='ltr'><strong>ex</strong></span> <span class='ocrx_word' id='word_1_79' title='bbox 1952 1167 2183 1254; x_wconf 89' lang='lat' dir='ltr'><strong>quibus</strong></span> <span class='ocrx_word' id='word_1_80' title='bbox 2243 1169 2394 1232; x_wconf 86' lang='lat' dir='ltr'><strong>satis</strong></span> <span class='ocrx_word' id='word_1_81' title='bbox 2454 1175 2700 1233; x_wconf 87' lang='lat' dir='ltr'><strong>constat</strong></span> <span class='ocrx_word' id='word_1_82' title='bbox 2743 1166 2934 1252; x_wconf 85' lang='lat' dir='ltr'><strong>longa</strong></span> 
     </span>
     <span class='ocr_line' id='line_1_9' title="bbox 269 1272 2931 1361; baseline 0 -22"><span class='ocrx_word' id='word_1_83' title='bbox 269 1285 621 1361; x_wconf 85' lang='lat' dir='ltr'><strong>temporum</strong></span> <span class='ocrx_word' id='word_1_84' title='bbox 669 1275 1060 1340; x_wconf 89' lang='lat' dir='ltr'><strong>successione</strong></span> <span class='ocrx_word' id='word_1_85' title='bbox 1092 1295 1218 1339; x_wconf 92' lang='lat' dir='ltr'><strong>non</strong></span> <span class='ocrx_word' id='word_1_86' title='bbox 1266 1272 1654 1361; x_wconf 83' lang='lat' dir='ltr'><strong>improbatas</strong></span> <span class='ocrx_word' id='word_1_87' title='bbox 1700 1276 2172 1340; x_wconf 84' lang='lat' dir='ltr'><strong>reservationes.</strong></span> <span class='ocrx_word' id='word_1_88' title='bbox 2233 1296 2357 1360; x_wconf 91' lang='lat' dir='ltr'><strong>que</strong></span> <span class='ocrx_word' id='word_1_89' title='bbox 2401 1274 2544 1339; x_wconf 91' lang='lat' dir='ltr'><strong>ideo</strong></span> <span class='ocrx_word' id='word_1_90' title='bbox 2590 1274 2931 1339; x_wconf 85' lang='lat' dir='ltr'><strong>adinvente</strong></span> 
     </span>
     <span class='ocr_line' id='line_1_10' title="bbox 266 1380 2931 1468; baseline 0 -22"><span class='ocrx_word' id='word_1_91' title='bbox 266 1382 458 1464; x_wconf 84' lang='lat' dir='ltr'><strong>fuere,</strong></span> <span class='ocrx_word' id='word_1_92' title='bbox 504 1382 804 1468; x_wconf 84' lang='lat' dir='ltr'><strong>quoniam</strong></span> <span class='ocrx_word' id='word_1_93' title='bbox 847 1403 992 1446; x_wconf 91' lang='lat' dir='ltr'><strong>cum</strong></span> <span class='ocrx_word' id='word_1_94' title='bbox 1025 1381 1357 1447; x_wconf 89' lang='lat' dir='ltr'><strong>solicitudo</strong></span> <span class='ocrx_word' id='word_1_95' title='bbox 1389 1380 1770 1467; x_wconf 87' lang='lat' dir='ltr'><strong>pontificalis</strong></span> <span class='ocrx_word' id='word_1_96' title='bbox 1811 1381 1993 1446; x_wconf 86' lang='lat' dir='ltr'><strong>offitii</strong></span> <span class='ocrx_word' id='word_1_97' title='bbox 2037 1380 2251 1446; x_wconf 88' lang='lat' dir='ltr'><strong>multis</strong></span> <span class='ocrx_word' id='word_1_98' title='bbox 2285 1381 2566 1467; x_wconf 83' lang='lat' dir='ltr'><strong>indigeat</strong></span> <span class='ocrx_word' id='word_1_99' title='bbox 2610 1382 2931 1465; x_wconf 87' lang='lat' dir='ltr'><strong>ministris,</strong></span> 
     </span>
     <span class='ocr_line' id='line_1_11' title="bbox 176 1487 2931 1576; baseline 0 -22"><span class='ocrx_word' id='word_1_100' title='bbox 176 1501 411 1554; x_wconf 86' lang='lat' dir='ltr'><strong>locum</strong></span> <span class='ocrx_word' id='word_1_101' title='bbox 469 1491 687 1554; x_wconf 90' lang='lat' dir='ltr'><strong>messis</strong></span> <span class='ocrx_word' id='word_1_102' title='bbox 746 1488 997 1576; x_wconf 90' lang='lat' dir='ltr'><strong>quidem</strong></span> <span class='ocrx_word' id='word_1_103' title='bbox 1059 1487 1289 1571; x_wconf 83' lang='lat' dir='ltr'><strong>multa,</strong></span> <span class='ocrx_word' id='word_1_104' title='bbox 1351 1489 1625 1574; x_wconf 80' lang='lat' dir='ltr'><strong>operarii</strong></span> <span class='ocrx_word' id='word_1_105' title='bbox 1684 1511 1836 1554; x_wconf 87' lang='lat' dir='ltr'><strong>vero</strong></span> <span class='ocrx_word' id='word_1_106' title='bbox 1885 1490 2074 1575; x_wconf 86' lang='lat' dir='ltr'><strong>pauci</strong></span> <span class='ocrx_word' id='word_1_107' title='bbox 2132 1493 2264 1573; x_wconf 93' lang='grc'><strong>(21.</strong></span> <span class='ocrx_word' id='word_1_108' title='bbox 2313 1487 2474 1553; x_wconf 87' lang='lat' dir='ltr'><strong>disti.</strong></span> <span class='ocrx_word' id='word_1_109' title='bbox 2523 1491 2588 1553; x_wconf 90' lang='lat' dir='ltr'><strong>in</strong></span> <span class='ocrx_word' id='word_1_110' title='bbox 2635 1488 2830 1575; x_wconf 82' lang='lat' dir='ltr'><strong>novo)</strong></span> <span class='ocrx_word' id='word_1_111' title='bbox 2858 1490 2931 1574; x_wconf 74' lang='lat'><strong>⁶),</strong></span> 
     </span>
     <span class='ocr_line' id='line_1_12' title="bbox 266 1594 2930 1684; baseline 0 -25"><span class='ocrx_word' id='word_1_112' title='bbox 266 1595 539 1660; x_wconf 81' lang='lat' dir='ltr'><strong>vocandi</strong></span> <span class='ocrx_word' id='word_1_113' title='bbox 586 1604 734 1660; x_wconf 87' lang='lat' dir='ltr'><strong>sunt</strong></span> <span class='ocrx_word' id='word_1_114' title='bbox 778 1594 989 1682; x_wconf 88' lang='lat' dir='ltr'><strong>plures</strong></span> <span class='ocrx_word' id='word_1_115' title='bbox 1034 1597 1098 1659; x_wconf 89' lang='lat' dir='ltr'><strong>in</strong></span> <span class='ocrx_word' id='word_1_116' title='bbox 1146 1603 1387 1681; x_wconf 87' lang='lat' dir='ltr'><strong>partem</strong></span> <span class='ocrx_word' id='word_1_117' title='bbox 1437 1594 1884 1660; x_wconf 85' lang='lat' dir='ltr'><strong>solicitudinis:</strong></span> <span class='ocrx_word' id='word_1_118' title='bbox 1932 1618 1985 1660; x_wconf 91' lang='lat' dir='ltr'><strong>c.</strong></span> <span class='ocrx_word' id='word_1_119' title='bbox 2032 1597 2141 1682; x_wconf 88' lang='lat' dir='ltr'><strong>qui</strong></span> <span class='ocrx_word' id='word_1_120' title='bbox 2187 1617 2252 1659; x_wconf 89' lang='lat' dir='ltr'><strong>se</strong></span> <span class='ocrx_word' id='word_1_121' title='bbox 2301 1607 2356 1661; x_wconf 92' lang='grc'><strong>2.</strong></span> <span class='ocrx_word' id='word_1_122' title='bbox 2406 1619 2463 1682; x_wconf 90' lang='lat' dir='ltr'><strong>q.</strong></span> <span class='ocrx_word' id='word_1_123' title='bbox 2515 1607 2569 1662; x_wconf 82' lang='lat'><strong>6.</strong></span> <span class='ocrx_word' id='word_1_124' title='bbox 2600 1595 2684 1684; x_wconf 86' lang='lat'><strong>⁷);</strong></span> <span class='ocrx_word' id='word_1_125' title='bbox 2745 1618 2797 1660; x_wconf 94' lang='lat' dir='ltr'><strong>c.</strong></span> <span class='ocrx_word' id='word_1_126' title='bbox 2847 1596 2930 1660; x_wconf 85' lang='lat' dir='ltr'><strong>ad</strong></span> 
     </span>
     <span class='ocr_line' id='line_1_13' title="bbox 264 1701 2930 1790; baseline 0 -23"><span class='ocrx_word' id='word_1_127' title='bbox 264 1702 565 1769; x_wconf 90' lang='lat' dir='ltr'><strong>honorem</strong></span> <span class='ocrx_word' id='word_1_128' title='bbox 613 1704 693 1769; x_wconf 93' lang='lat' dir='ltr'><strong>de</strong></span> <span class='ocrx_word' id='word_1_129' title='bbox 738 1725 856 1767; x_wconf 90' lang='lat' dir='ltr'><strong>usu</strong></span> <span class='ocrx_word' id='word_1_130' title='bbox 905 1702 1053 1790; x_wconf 85' lang='lat' dir='ltr'><strong>palii</strong></span> <span class='ocrx_word' id='word_1_131' title='bbox 1083 1706 1137 1786; x_wconf 75' lang='lat'><strong>⁸)</strong></span> <span class='ocrx_word' id='word_1_132' title='bbox 1188 1741 1289 1785; x_wconf 82' lang='lat'><strong>-,</strong></span> <span class='ocrx_word' id='word_1_133' title='bbox 1336 1724 1495 1788; x_wconf 90' lang='lat' dir='ltr'><strong>quos</strong></span> <span class='ocrx_word' id='word_1_134' title='bbox 1540 1724 1944 1767; x_wconf 84' lang='lat' dir='ltr'><strong>remunerare</strong></span> <span class='ocrx_word' id='word_1_135' title='bbox 1990 1709 2255 1785; x_wconf 84' lang='lat' dir='ltr'><strong>tenetur,</strong></span> <span class='ocrx_word' id='word_1_136' title='bbox 2303 1725 2419 1767; x_wconf 93' lang='lat' dir='ltr'><strong>nec</strong></span> <span class='ocrx_word' id='word_1_137' title='bbox 2465 1725 2594 1768; x_wconf 93' lang='lat' dir='ltr'><strong>non</strong></span> <span class='ocrx_word' id='word_1_138' title='bbox 2637 1701 2777 1768; x_wconf 90' lang='lat' dir='ltr'><strong>illos</strong></span> <span class='ocrx_word' id='word_1_139' title='bbox 2820 1704 2930 1790; x_wconf 91' lang='lat' dir='ltr'><strong>qui</strong></span> 
     </span>
     <span class='ocr_line' id='line_1_14' title="bbox 266 1807 2929 1896; baseline 0 -23"><span class='ocrx_word' id='word_1_140' title='bbox 266 1812 394 1875; x_wconf 90' lang='lat' dir='ltr'><strong>suis</strong></span> <span class='ocrx_word' id='word_1_141' title='bbox 424 1811 776 1875; x_wconf 86' lang='lat' dir='ltr'><strong>servierunt</strong></span> <span class='ocrx_word' id='word_1_142' title='bbox 805 1808 1338 1875; x_wconf 84' lang='lat' dir='ltr'><strong>antecessoribus:</strong></span> <span class='ocrx_word' id='word_1_143' title='bbox 1378 1820 1457 1874; x_wconf 86' lang='grc'><strong>12</strong></span> <span class='ocrx_word' id='word_1_144' title='bbox 1493 1832 1550 1895; x_wconf 92' lang='lat' dir='ltr'><strong>q.</strong></span> <span class='ocrx_word' id='word_1_145' title='bbox 1588 1820 1623 1874; x_wconf 82' lang='lat'><strong>2</strong></span> <span class='ocrx_word' id='word_1_146' title='bbox 1658 1832 1709 1873; x_wconf 93' lang='lat' dir='ltr'><strong>c.</strong></span> <span class='ocrx_word' id='word_1_147' title='bbox 1741 1807 1863 1874; x_wconf 95' lang='lat' dir='ltr'><strong>hoc</strong></span> <span class='ocrx_word' id='word_1_148' title='bbox 1894 1807 2253 1896; x_wconf 90' lang='lat' dir='ltr'><strong>hujusmodi</strong></span> <span class='ocrx_word' id='word_1_149' title='bbox 2282 1811 2372 1894; x_wconf 77' lang='lat'><strong>⁹);</strong></span> <span class='ocrx_word' id='word_1_150' title='bbox 2420 1831 2471 1872; x_wconf 91' lang='lat' dir='ltr'><strong>c.</strong></span> <span class='ocrx_word' id='word_1_151' title='bbox 2506 1810 2832 1874; x_wconf 85' lang='lat' dir='ltr'><strong>caritatem</strong></span> <span class='ocrx_word' id='word_1_152' title='bbox 2852 1810 2929 1896; x_wconf 91' lang='lat'><strong>¹⁰)</strong></span> 
     </span>
     <span class='ocr_line' id='line_1_15' title="bbox 264 1915 2929 2004; baseline -0.001 -22"><span class='ocrx_word' id='word_1_153' title='bbox 264 1925 329 1982; x_wconf 90' lang='lat' dir='ltr'><strong>et</strong></span> <span class='ocrx_word' id='word_1_154' title='bbox 358 1916 794 1982; x_wconf 83' lang='lat' dir='ltr'><strong>ecclesiasticis</strong></span> <span class='ocrx_word' id='word_1_155' title='bbox 812 1919 888 2004; x_wconf 90' lang='lat'><strong>¹¹)</strong></span> <span class='ocrx_word' id='word_1_156' title='bbox 924 1941 1037 2000; x_wconf 72' lang='grc' dir='ltr'><strong>-ς</strong></span> <span class='ocrx_word' id='word_1_157' title='bbox 1070 1925 1132 1981; x_wconf 88' lang='lat' dir='ltr'><strong>et</strong></span> <span class='ocrx_word' id='word_1_158' title='bbox 1163 1916 1245 1981; x_wconf 85' lang='lat' dir='ltr'><strong>ad</strong></span> <span class='ocrx_word' id='word_1_159' title='bbox 1291 1917 1427 2003; x_wconf 87' lang='lat' dir='ltr'><strong>ejus</strong></span> <span class='ocrx_word' id='word_1_160' title='bbox 1458 1916 1669 1981; x_wconf 89' lang='lat' dir='ltr'><strong>sedem</strong></span> <span class='ocrx_word' id='word_1_161' title='bbox 1703 1915 2028 1981; x_wconf 86' lang='lat' dir='ltr'><strong>confluant</strong></span> <span class='ocrx_word' id='word_1_162' title='bbox 2058 1916 2499 2004; x_wconf 86' lang='lat' dir='ltr'><strong>undecumque</strong></span> <span class='ocrx_word' id='word_1_163' title='bbox 2530 1915 2738 1981; x_wconf 87' lang='lat' dir='ltr'><strong>clerici</strong></span> <span class='ocrx_word' id='word_1_164' title='bbox 2768 1915 2929 1981; x_wconf 89' lang='lat' dir='ltr'><strong>indi-</strong></span> 
     </span>
     <span class='ocr_line' id='line_1_16' title="bbox 176 2022 2928 2110; baseline -0.001 -22"><span class='ocrx_word' id='word_1_165' title='bbox 176 2035 245 2089; x_wconf 87' lang='lat'><strong>15</strong></span> <span class='ocrx_word' id='word_1_166' title='bbox 262 2031 482 2110; x_wconf 85' lang='lat' dir='ltr'><strong>gentes</strong></span> <span class='ocrx_word' id='word_1_167' title='bbox 513 2022 742 2110; x_wconf 90' lang='lat' dir='ltr'><strong>quibus</strong></span> <span class='ocrx_word' id='word_1_168' title='bbox 772 2031 1039 2110; x_wconf 85' lang='lat' dir='ltr'><strong>paterna</strong></span> <span class='ocrx_word' id='word_1_169' title='bbox 1082 2024 1438 2109; x_wconf 84' lang='lat' dir='ltr'><strong>provisione</strong></span> <span class='ocrx_word' id='word_1_170' title='bbox 1485 2022 1825 2088; x_wconf 83' lang='lat' dir='ltr'><strong>subvenire</strong></span> <span class='ocrx_word' id='word_1_171' title='bbox 1870 2031 2147 2088; x_wconf 86' lang='lat' dir='ltr'><strong>tenetur:</strong></span> <span class='ocrx_word' id='word_1_172' title='bbox 2198 2033 2280 2090; x_wconf 83' lang='lat'><strong>93</strong></span> <span class='ocrx_word' id='word_1_173' title='bbox 2314 2024 2396 2088; x_wconf 88' lang='lat' dir='ltr'><strong>di.</strong></span> <span class='ocrx_word' id='word_1_174' title='bbox 2431 2046 2482 2087; x_wconf 87' lang='lat' dir='ltr'><strong>c.</strong></span> <span class='ocrx_word' id='word_1_175' title='bbox 2526 2022 2928 2109; x_wconf 83' lang='lat' dir='ltr'><strong>dyaconi¹²);</strong></span> 
     </span>
     <span class='ocr_line' id='line_1_17' title="bbox 263 2129 2927 2218; baseline -0.001 -23"><span class='ocrx_word' id='word_1_176' title='bbox 263 2155 315 2196; x_wconf 92' lang='lat' dir='ltr'><strong>c.</strong></span> <span class='ocrx_word' id='word_1_177' title='bbox 349 2131 430 2195; x_wconf 86' lang='lat' dir='ltr'><strong>ad</strong></span> <span class='ocrx_word' id='word_1_178' title='bbox 463 2130 984 2218; x_wconf 86' lang='lat' dir='ltr'><strong>supplicationem</strong></span> <span class='ocrx_word' id='word_1_179' title='bbox 1015 2129 1095 2195; x_wconf 92' lang='lat' dir='ltr'><strong>de</strong></span> <span class='ocrx_word' id='word_1_180' title='bbox 1126 2132 1449 2210; x_wconf 73' lang='lat' dir='ltr'><strong>renunt¹⁸)</strong></span> <span class='ocrx_word' id='word_1_181' title='bbox 1486 2168 1550 2178; x_wconf 92' lang='lat'><strong>—</strong></span> <span class='ocrx_word' id='word_1_182' title='bbox 1583 2154 1599 2212; x_wconf 75' lang='grc' dir='ltr'><strong>ς</strong></span> <span class='ocrx_word' id='word_1_183' title='bbox 1624 2129 1979 2216; x_wconf 86' lang='lat' dir='ltr'><strong>habeatque</strong></span> <span class='ocrx_word' id='word_1_184' title='bbox 2009 2129 2224 2195; x_wconf 89' lang='lat' dir='ltr'><strong>multis</strong></span> <span class='ocrx_word' id='word_1_185' title='bbox 2255 2129 2474 2194; x_wconf 90' lang='lat' dir='ltr'><strong>mundi</strong></span> <span class='ocrx_word' id='word_1_186' title='bbox 2505 2129 2927 2215; x_wconf 86' lang='lat' dir='ltr'><strong>magnatibus,</strong></span> 
     </span>
     <span class='ocr_line' id='line_1_18' title="bbox 261 2236 2926 2325; baseline -0.001 -23"><span class='ocrx_word' id='word_1_187' title='bbox 261 2237 384 2302; x_wconf 87' lang='lat' dir='ltr'><strong>illis</strong></span> <span class='ocrx_word' id='word_1_188' title='bbox 439 2239 833 2325; x_wconf 89' lang='lat' dir='ltr'><strong>potissimum</strong></span> <span class='ocrx_word' id='word_1_189' title='bbox 895 2237 1005 2324; x_wconf 90' lang='lat' dir='ltr'><strong>qui</strong></span> <span class='ocrx_word' id='word_1_190' title='bbox 1066 2236 1167 2301; x_wconf 83' lang='lat' dir='ltr'><strong>vel</strong></span> <span class='ocrx_word' id='word_1_191' title='bbox 1229 2238 1347 2323; x_wconf 90' lang='lat' dir='ltr'><strong>ipsi</strong></span> <span class='ocrx_word' id='word_1_192' title='bbox 1395 2236 1496 2301; x_wconf 91' lang='lat' dir='ltr'><strong>vel</strong></span> <span class='ocrx_word' id='word_1_193' title='bbox 1543 2259 1762 2302; x_wconf 89' lang='lat' dir='ltr'><strong>eorum</strong></span> <span class='ocrx_word' id='word_1_194' title='bbox 1822 2245 2248 2302; x_wconf 85' lang='lat' dir='ltr'><strong>antecessores</strong></span> <span class='ocrx_word' id='word_1_195' title='bbox 2293 2236 2416 2301; x_wconf 91' lang='lat' dir='ltr'><strong>Dei</strong></span> <span class='ocrx_word' id='word_1_196' title='bbox 2474 2236 2802 2302; x_wconf 89' lang='lat' dir='ltr'><strong>ecclesiam</strong></span> <span class='ocrx_word' id='word_1_197' title='bbox 2860 2237 2926 2300; x_wconf 93' lang='lat' dir='ltr'><strong>in</strong></span> 
     </span>
     <span class='ocr_line' id='line_1_19' title="bbox 262 2343 2926 2430; baseline -0.001 -21"><span class='ocrx_word' id='word_1_198' title='bbox 262 2344 478 2409; x_wconf 86' lang='lat' dir='ltr'><strong>multis</strong></span> <span class='ocrx_word' id='word_1_199' title='bbox 523 2344 826 2409; x_wconf 81' lang='lat' dir='ltr'><strong>dotarunt</strong></span> <span class='ocrx_word' id='word_1_200' title='bbox 870 2352 931 2408; x_wconf 87' lang='lat' dir='ltr'><strong>et</strong></span> <span class='ocrx_word' id='word_1_201' title='bbox 978 2343 1073 2407; x_wconf 87' lang='lat' dir='ltr'><strong>his</strong></span> <span class='ocrx_word' id='word_1_202' title='bbox 1120 2345 1229 2430; x_wconf 89' lang='lat' dir='ltr'><strong>qui</strong></span> <span class='ocrx_word' id='word_1_203' title='bbox 1274 2343 1535 2409; x_wconf 89' lang='lat' dir='ltr'><strong>ecclesie</strong></span> <span class='ocrx_word' id='word_1_204' title='bbox 1568 2345 1691 2409; x_wconf 91' lang='lat' dir='ltr'><strong>Dei</strong></span> <span class='ocrx_word' id='word_1_205' title='bbox 1721 2344 1934 2410; x_wconf 88' lang='lat' dir='ltr'><strong>devoti</strong></span> <span class='ocrx_word' id='word_1_206' title='bbox 1980 2343 2094 2408; x_wconf 82' lang='lat' dir='ltr'><strong>filii</strong></span> <span class='ocrx_word' id='word_1_207' title='bbox 2134 2352 2198 2409; x_wconf 88' lang='lat' dir='ltr'><strong>et</strong></span> <span class='ocrx_word' id='word_1_208' title='bbox 2229 2343 2584 2409; x_wconf 90' lang='lat' dir='ltr'><strong>defensores</strong></span> <span class='ocrx_word' id='word_1_209' title='bbox 2629 2346 2926 2426; x_wconf 85' lang='lat' dir='ltr'><strong>existunt,</strong></span> 
     </span>
     <span class='ocr_line' id='line_1_20' title="bbox 263 2438 2927 2537; baseline -0.001 -21"><span class='ocrx_word' id='word_1_210' title='bbox 263 2474 331 2516; x_wconf 90' lang='lat' dir='ltr'><strong>se</strong></span> <span class='ocrx_word' id='word_1_211' title='bbox 375 2450 786 2517; x_wconf 84' lang='lat' dir='ltr'><strong>favorabilem</strong></span> <span class='ocrx_word' id='word_1_212' title='bbox 837 2438 1138 2516; x_wconf 84' lang='lat' dir='ltr'><strong>exhibere</strong></span> <span class='ocrx_word' id='word_1_213' title='bbox 1199 2452 1261 2515; x_wconf 91' lang='lat' dir='ltr'><strong>in</strong></span> <span class='ocrx_word' id='word_1_214' title='bbox 1322 2451 1629 2516; x_wconf 81' lang='lat' dir='ltr'><strong>benefitiis</strong></span> <span class='ocrx_word' id='word_1_215' title='bbox 1690 2451 1771 2516; x_wconf 83' lang='lat' dir='ltr'><strong>ad</strong></span> <span class='ocrx_word' id='word_1_216' title='bbox 1819 2474 2034 2515; x_wconf 90' lang='lat' dir='ltr'><strong>eorum</strong></span> <span class='ocrx_word' id='word_1_217' title='bbox 2095 2474 2315 2537; x_wconf 89' lang='lat' dir='ltr'><strong>preces</strong></span> <span class='ocrx_word' id='word_1_218' title='bbox 2371 2450 2796 2533; x_wconf 85' lang='lat' dir='ltr'><strong>conferendis,</strong></span> <span class='ocrx_word' id='word_1_219' title='bbox 2856 2458 2927 2515; x_wconf 88' lang='lat' dir='ltr'><strong>ut</strong></span> 
     </span>
     <span class='ocr_line' id='line_1_21' title="bbox 163 2556 2922 2624; baseline -0.001 0"><span class='ocrx_word' id='word_1_220' title='bbox 163 2560 345 2624; x_wconf 77' lang='lat' dir='ltr'><strong>20ad</strong></span> <span class='ocrx_word' id='word_1_221' title='bbox 393 2558 743 2624; x_wconf 86' lang='lat' dir='ltr'><strong>subsidium</strong></span> <span class='ocrx_word' id='word_1_222' title='bbox 789 2558 1049 2623; x_wconf 89' lang='lat' dir='ltr'><strong>ecclesie</strong></span> <span class='ocrx_word' id='word_1_223' title='bbox 1109 2559 1294 2623; x_wconf 90' lang='lat' dir='ltr'><strong>citius</strong></span> <span class='ocrx_word' id='word_1_224' title='bbox 1352 2559 1732 2623; x_wconf 84' lang='lat' dir='ltr'><strong>inducantur</strong></span> <span class='ocrx_word' id='word_1_225' title='bbox 1792 2568 1855 2623; x_wconf 90' lang='lat' dir='ltr'><strong>et</strong></span> <span class='ocrx_word' id='word_1_226' title='bbox 1914 2582 1994 2623; x_wconf 90' lang='lat' dir='ltr'><strong>ne</strong></span> <span class='ocrx_word' id='word_1_227' title='bbox 2040 2558 2195 2622; x_wconf 81' lang='lat' dir='ltr'><strong>alias</strong></span> <span class='ocrx_word' id='word_1_228' title='bbox 2241 2558 2323 2622; x_wconf 85' lang='lat' dir='ltr'><strong>ab</strong></span> <span class='ocrx_word' id='word_1_229' title='bbox 2371 2580 2443 2623; x_wconf 89' lang='lat' dir='ltr'><strong>eo</strong></span> <span class='ocrx_word' id='word_1_230' title='bbox 2490 2556 2922 2623; x_wconf 77' lang='lat' dir='ltr'><strong>retrahantur:</strong></span> 
     </span>
     <span class='ocr_line' id='line_1_22' title="bbox 261 2663 2923 2755; baseline -0.001 -24"><span class='ocrx_word' id='word_1_231' title='bbox 261 2690 351 2731; x_wconf 87' lang='lat' dir='ltr'><strong>ar.</strong></span> <span class='ocrx_word' id='word_1_232' title='bbox 383 2667 419 2730; x_wconf 94' lang='lat' dir='ltr'><strong>l.</strong></span> <span class='ocrx_word' id='word_1_233' title='bbox 458 2676 513 2731; x_wconf 83' lang='lat'><strong>2.</strong></span> <span class='ocrx_word' id='word_1_234' title='bbox 546 2665 614 2733; x_wconf 86' lang='lat' dir='ltr'><strong>C.</strong></span> <span class='ocrx_word' id='word_1_235' title='bbox 648 2666 727 2731; x_wconf 92' lang='lat' dir='ltr'><strong>de</strong></span> <span class='ocrx_word' id='word_1_236' title='bbox 759 2666 858 2730; x_wconf 91' lang='lat' dir='ltr'><strong>bo.</strong></span> <span class='ocrx_word' id='word_1_237' title='bbox 892 2688 1013 2754; x_wconf 91' lang='lat' dir='ltr'><strong>que</strong></span> <span class='ocrx_word' id='word_1_238' title='bbox 1059 2665 1199 2730; x_wconf 91' lang='lat' dir='ltr'><strong>libe.</strong></span> <span class='ocrx_word' id='word_1_239' title='bbox 1219 2669 1297 2746; x_wconf 84' lang='lat'><strong>¹⁴)</strong></span> <span class='ocrx_word' id='word_1_240' title='bbox 1343 2676 1405 2731; x_wconf 91' lang='lat' dir='ltr'><strong>et</strong></span> <span class='ocrx_word' id='word_1_241' title='bbox 1450 2668 1513 2730; x_wconf 91' lang='lat' dir='ltr'><strong>in</strong></span> <span class='ocrx_word' id='word_1_242' title='bbox 1560 2665 1597 2730; x_wconf 92' lang='lat' dir='ltr'><strong>l.</strong></span> <span class='ocrx_word' id='word_1_243' title='bbox 1649 2678 1702 2733; x_wconf 83' lang='lat'><strong>2.</strong></span> <span class='ocrx_word' id='word_1_244' title='bbox 1752 2667 1812 2730; x_wconf 88' lang='lat' dir='ltr'><strong>ff.</strong></span> <span class='ocrx_word' id='word_1_245' title='bbox 1848 2667 1927 2731; x_wconf 92' lang='lat' dir='ltr'><strong>de</strong></span> <span class='ocrx_word' id='word_1_246' title='bbox 1959 2689 2125 2753; x_wconf 89' lang='lat' dir='ltr'><strong>oper.</strong></span> <span class='ocrx_word' id='word_1_247' title='bbox 2157 2665 2450 2755; x_wconf 76' lang='lat' dir='ltr'><strong>publi.¹⁵)</strong></span> <span class='ocrx_word' id='word_1_248' title='bbox 2503 2690 2618 2748; x_wconf 86' lang='lat'><strong>—3</strong></span> <span class='ocrx_word' id='word_1_249' title='bbox 2665 2687 2790 2729; x_wconf 90' lang='lat' dir='ltr'><strong>non</strong></span> <span class='ocrx_word' id='word_1_250' title='bbox 2838 2663 2923 2728; x_wconf 87' lang='lat' dir='ltr'><strong>ab</strong></span> 
     </span>
     <span class='ocr_line' id='line_1_23' title="bbox 260 2772 2924 2862; baseline -0.002 -23"><span class='ocrx_word' id='word_1_251' title='bbox 260 2775 538 2862; x_wconf 81' lang='lat' dir='ltr'><strong>equitate</strong></span> <span class='ocrx_word' id='word_1_252' title='bbox 583 2772 855 2838; x_wconf 88' lang='lat' dir='ltr'><strong>alienum</strong></span> <span class='ocrx_word' id='word_1_253' title='bbox 926 2774 1045 2838; x_wconf 88' lang='lat' dir='ltr'><strong>fuit</strong></span> <span class='ocrx_word' id='word_1_254' title='bbox 1110 2774 1368 2838; x_wconf 88' lang='lat' dir='ltr'><strong>modum</strong></span> <span class='ocrx_word' id='word_1_255' title='bbox 1416 2774 1814 2838; x_wconf 86' lang='lat' dir='ltr'><strong>adinvenisse</strong></span> <span class='ocrx_word' id='word_1_256' title='bbox 1874 2795 2000 2859; x_wconf 91' lang='lat' dir='ltr'><strong>quo</strong></span> <span class='ocrx_word' id='word_1_257' title='bbox 2058 2796 2339 2837; x_wconf 87' lang='lat' dir='ltr'><strong>summus</strong></span> <span class='ocrx_word' id='word_1_258' title='bbox 2386 2772 2668 2857; x_wconf 83' lang='lat' dir='ltr'><strong>pontifex</strong></span> <span class='ocrx_word' id='word_1_259' title='bbox 2713 2780 2924 2857; x_wconf 89' lang='lat' dir='ltr'><strong>posset</strong></span> 
     </span>
     <span class='ocr_line' id='line_1_24' title="bbox 261 2878 2920 2967; baseline -0.002 -21"><span class='ocrx_word' id='word_1_260' title='bbox 261 2881 342 2946; x_wconf 91' lang='lat' dir='ltr'><strong>de</strong></span> <span class='ocrx_word' id='word_1_261' title='bbox 388 2880 602 2946; x_wconf 87' lang='lat' dir='ltr'><strong>multis</strong></span> <span class='ocrx_word' id='word_1_262' title='bbox 648 2880 957 2945; x_wconf 84' lang='lat' dir='ltr'><strong>benefitiis</strong></span> <span class='ocrx_word' id='word_1_263' title='bbox 1003 2880 1369 2966; x_wconf 85' lang='lat' dir='ltr'><strong>providere,</strong></span> <span class='ocrx_word' id='word_1_264' title='bbox 1432 2888 1502 2945; x_wconf 90' lang='lat' dir='ltr'><strong>ut</strong></span> <span class='ocrx_word' id='word_1_265' title='bbox 1556 2903 1672 2966; x_wconf 90' lang='lat' dir='ltr'><strong>per</strong></span> <span class='ocrx_word' id='word_1_266' title='bbox 1716 2903 1861 2945; x_wconf 91' lang='lat' dir='ltr'><strong>eum</strong></span> <span class='ocrx_word' id='word_1_267' title='bbox 1899 2882 2076 2967; x_wconf 82' lang='lat' dir='ltr'><strong>justa</strong></span> <span class='ocrx_word' id='word_1_268' title='bbox 2121 2880 2232 2943; x_wconf 87' lang='lat' dir='ltr'><strong>fiat</strong></span> <span class='ocrx_word' id='word_1_269' title='bbox 2276 2879 2355 2944; x_wconf 90' lang='lat' dir='ltr'><strong>dc</strong></span> <span class='ocrx_word' id='word_1_270' title='bbox 2401 2882 2490 2943; x_wconf 88' lang='lat' dir='ltr'><strong>eis</strong></span> <span class='ocrx_word' id='word_1_271' title='bbox 2535 2878 2920 2942; x_wconf 87' lang='lat' dir='ltr'><strong>distributio:</strong></span> 
     </span>
     <span class='ocr_line' id='line_1_25' title="bbox 262 2984 2919 3076; baseline -0.002 -24"><span class='ocrx_word' id='word_1_272' title='bbox 262 2990 416 3076; x_wconf 88' lang='lat' dir='ltr'><strong>quin</strong></span> <span class='ocrx_word' id='word_1_273' title='bbox 458 2990 668 3074; x_wconf 88' lang='lat' dir='ltr'><strong>potius</strong></span> <span class='ocrx_word' id='word_1_274' title='bbox 707 3010 789 3051; x_wconf 88' lang='lat' dir='ltr'><strong>ex</strong></span> <span class='ocrx_word' id='word_1_275' title='bbox 824 3010 875 3051; x_wconf 89' lang='lat' dir='ltr'><strong>c.</strong></span> <span class='ocrx_word' id='word_1_276' title='bbox 909 2987 1364 3073; x_wconf 80' lang='lat' dir='ltr'><strong>Salonitan.¹⁶),</strong></span> <span class='ocrx_word' id='word_1_277' title='bbox 1413 2995 1475 3053; x_wconf 91' lang='lat' dir='ltr'><strong>et</strong></span> <span class='ocrx_word' id='word_1_278' title='bbox 1507 3010 1558 3051; x_wconf 91' lang='lat' dir='ltr'><strong>c.</strong></span> <span class='ocrx_word' id='word_1_279' title='bbox 1605 3010 1794 3074; x_wconf 91' lang='lat' dir='ltr'><strong>porro</strong></span> <span class='ocrx_word' id='word_1_280' title='bbox 1831 2998 1910 3053; x_wconf 80' lang='grc'><strong>63</strong></span> <span class='ocrx_word' id='word_1_281' title='bbox 1946 2987 2027 3051; x_wconf 90' lang='lat' dir='ltr'><strong>di.</strong></span> <span class='ocrx_word' id='word_1_282' title='bbox 2048 2988 2124 3071; x_wconf 82' lang='lat'><strong>¹⁷)</strong></span> <span class='ocrx_word' id='word_1_283' title='bbox 2172 2984 2380 3072; x_wconf 86' lang='lat' dir='ltr'><strong>colligi</strong></span> <span class='ocrx_word' id='word_1_284' title='bbox 2426 2992 2630 3071; x_wconf 88' lang='lat' dir='ltr'><strong>potest</strong></span> <span class='ocrx_word' id='word_1_285' title='bbox 2674 2994 2737 3049; x_wconf 90' lang='lat' dir='ltr'><strong>et</strong></span> <span class='ocrx_word' id='word_1_286' title='bbox 2768 2992 2919 3048; x_wconf 90' lang='lat' dir='ltr'><strong>tem-</strong></span> 
     </span>
     <span class='ocr_line' id='line_1_26' title="bbox 164 3090 2918 3182; baseline -0.002 -22"><span class='ocrx_word' id='word_1_287' title='bbox 164 3108 241 3161; x_wconf 79' lang='lat'><strong>25</strong></span> <span class='ocrx_word' id='word_1_288' title='bbox 259 3118 411 3182; x_wconf 87' lang='lat' dir='ltr'><strong>pore</strong></span> <span class='ocrx_word' id='word_1_289' title='bbox 456 3096 672 3181; x_wconf 84' lang='lat' dir='ltr'><strong>magni</strong></span> <span class='ocrx_word' id='word_1_290' title='bbox 721 3093 1015 3179; x_wconf 80' lang='lat' dir='ltr'><strong>Gregorii</strong></span> <span class='ocrx_word' id='word_1_291' title='bbox 1076 3102 1139 3158; x_wconf 90' lang='lat' dir='ltr'><strong>et</strong></span> <span class='ocrx_word' id='word_1_292' title='bbox 1184 3092 1429 3158; x_wconf 83' lang='lat' dir='ltr'><strong>Nicolai</strong></span> <span class='ocrx_word' id='word_1_293' title='bbox 1474 3093 1555 3176; x_wconf 88' lang='lat'><strong>1.‚</strong></span> <span class='ocrx_word' id='word_1_294' title='bbox 1614 3095 1722 3180; x_wconf 92' lang='lat' dir='ltr'><strong>qui</strong></span> <span class='ocrx_word' id='word_1_295' title='bbox 1770 3094 2058 3180; x_wconf 83' lang='lat' dir='ltr'><strong>pontifex</strong></span> <span class='ocrx_word' id='word_1_296' title='bbox 2121 3092 2380 3157; x_wconf 84' lang='lat' dir='ltr'><strong>sedebat</strong></span> <span class='ocrx_word' id='word_1_297' title='bbox 2423 3113 2591 3156; x_wconf 90' lang='lat' dir='ltr'><strong>anno</strong></span> <span class='ocrx_word' id='word_1_298' title='bbox 2640 3100 2788 3173; x_wconf 84' lang='lat'><strong>860,</strong></span> <span class='ocrx_word' id='word_1_299' title='bbox 2836 3090 2918 3155; x_wconf 87' lang='lat' dir='ltr'><strong>ab</strong></span> 
     </span>
    </p>
   </div>
   <div class='ocr_carea' id='block_1_3' title="bbox 264 3225 649 3233">
    <p class='ocr_par' dir='ltr' id='par_1_3' title="bbox 264 3225 649 3233">
     <span class='ocr_line' id='line_1_27' title="bbox 264 3225 649 3233; baseline -0.008 0"><span class='ocrx_word' id='word_1_300' title='bbox 264 3228 403 3233; x_wconf 27' lang='grc' dir='ltr'><strong>ΨΑ-</strong></span> <span class='ocrx_word' id='word_1_301' title='bbox 518 3225 649 3232; x_wconf 48' lang='grc' dir='ltr'><strong>-ῤ</strong></span> 
     </span>
    </p>
   </div>
   <div class='ocr_carea' id='block_1_4' title="bbox 162 3290 1788 4519">
    <p class='ocr_par' dir='ltr' id='par_1_4' title="bbox 162 3290 1788 4519">
     <span class='ocr_line' id='line_1_28' title="bbox 410 3290 1417 3361; baseline -0.003 -16"><span class='ocrx_word' id='word_1_302' title='bbox 410 3291 451 3361; x_wconf 91' lang='lat'><strong>¹)</strong></span> <span class='ocrx_word' id='word_1_303' title='bbox 492 3291 617 3345; x_wconf 81' lang='lat' dir='ltr'><strong>Lib.</strong></span> <span class='ocrx_word' id='word_1_304' title='bbox 656 3291 768 3345; x_wconf 93' lang='lat' dir='ltr'><strong>III</strong></span> <span class='ocrx_word' id='word_1_305' title='bbox 800 3292 885 3344; x_wconf 79' lang='lat' dir='ltr'><strong>tit.</strong></span> <span class='ocrx_word' id='word_1_306' title='bbox 924 3297 996 3342; x_wconf 74' lang='lat'><strong>38</strong></span> <span class='ocrx_word' id='word_1_307' title='bbox 1035 3307 1076 3344; x_wconf 84' lang='lat' dir='ltr'><strong>c.</strong></span> <span class='ocrx_word' id='word_1_308' title='bbox 1114 3294 1193 3345; x_wconf 81' lang='lat'><strong>28</strong></span> <span class='ocrx_word' id='word_1_309' title='bbox 1226 3292 1290 3354; x_wconf 65' lang='grc' dir='ltr'><strong>(κ.</strong></span> <span class='ocrx_word' id='word_1_310' title='bbox 1329 3290 1417 3356; x_wconf 85' lang='grc'><strong>0.).</strong></span> 
     </span>
     <span class='ocr_line' id='line_1_29' title="bbox 408 3379 1129 3443; baseline -0.001 -10"><span class='ocrx_word' id='word_1_311' title='bbox 408 3380 451 3443; x_wconf 75' lang='lat'><strong>²)</strong></span> <span class='ocrx_word' id='word_1_312' title='bbox 492 3379 618 3433; x_wconf 82' lang='lat' dir='ltr'><strong>Lib.</strong></span> <span class='ocrx_word' id='word_1_313' title='bbox 657 3379 763 3434; x_wconf 92' lang='lat' dir='ltr'><strong>III</strong></span> <span class='ocrx_word' id='word_1_314' title='bbox 798 3382 882 3433; x_wconf 80' lang='lat' dir='ltr'><strong>tit.</strong></span> <span class='ocrx_word' id='word_1_315' title='bbox 920 3385 957 3432; x_wconf 86' lang='grc'><em>8</em></span> <span class='ocrx_word' id='word_1_316' title='bbox 996 3396 1040 3433; x_wconf 84' lang='lat' dir='ltr'><strong>c.</strong></span> <span class='ocrx_word' id='word_1_317' title='bbox 1080 3382 1129 3431; x_wconf 75' lang='lat'><strong>4.</strong></span> 
     </span>
     <span class='ocr_line' id='line_1_30' title="bbox 406 3468 1184 3537; baseline 0 -16"><span class='ocrx_word' id='word_1_318' title='bbox 406 3468 448 3537; x_wconf 65' lang='grc' dir='ltr'><strong>η&gt;</strong></span> <span class='ocrx_word' id='word_1_319' title='bbox 489 3469 643 3523; x_wconf 75' lang='lat' dir='ltr'><strong>Sexti</strong></span> <span class='ocrx_word' id='word_1_320' title='bbox 678 3470 713 3523; x_wconf 81' lang='lat' dir='ltr'><strong>l.</strong></span> <span class='ocrx_word' id='word_1_321' title='bbox 752 3471 793 3523; x_wconf 91' lang='lat' dir='ltr'><strong><em>I</em></strong></span> <span class='ocrx_word' id='word_1_322' title='bbox 822 3470 904 3523; x_wconf 75' lang='lat' dir='ltr'><strong>tit.</strong></span> <span class='ocrx_word' id='word_1_323' title='bbox 944 3472 979 3521; x_wconf 88' lang='lat'><em>6</em></span> <span class='ocrx_word' id='word_1_324' title='bbox 1016 3486 1059 3523; x_wconf 86' lang='lat' dir='ltr'><strong>c.</strong></span> <span class='ocrx_word' id='word_1_325' title='bbox 1098 3472 1184 3521; x_wconf 79' lang='lat'><strong>45.</strong></span> 
     </span>
     <span class='ocr_line' id='line_1_31' title="bbox 399 3559 964 3625; baseline 0 -13"><span class='ocrx_word' id='word_1_326' title='bbox 399 3559 444 3625; x_wconf 85' lang='lat'><strong>⁴)</strong></span> <span class='ocrx_word' id='word_1_327' title='bbox 483 3560 565 3612; x_wconf 84' lang='lat' dir='ltr'><strong>lb.</strong></span> <span class='ocrx_word' id='word_1_328' title='bbox 602 3559 686 3613; x_wconf 78' lang='lat' dir='ltr'><strong>tit.</strong></span> <span class='ocrx_word' id='word_1_329' title='bbox 734 3561 795 3612; x_wconf 83' lang='lat'><strong>15</strong></span> <span class='ocrx_word' id='word_1_330' title='bbox 832 3576 875 3613; x_wconf 88' lang='lat' dir='ltr'><strong>c.</strong></span> <span class='ocrx_word' id='word_1_331' title='bbox 914 3563 964 3612; x_wconf 82' lang='lat'><strong>3.</strong></span> 
     </span>
     <span class='ocr_line' id='line_1_32' title="bbox 162 3647 1788 3714; baseline -0.005 -9"><span class='ocrx_word' id='word_1_332' title='bbox 162 3652 239 3705; x_wconf 91' lang='grc'><strong>30</strong></span> <span class='ocrx_word' id='word_1_333' title='bbox 402 3647 447 3711; x_wconf 62' lang='grc'><strong>5)</strong></span> <span class='ocrx_word' id='word_1_334' title='bbox 490 3647 615 3702; x_wconf 72' lang='lat' dir='ltr'><strong>Lib.</strong></span> <span class='ocrx_word' id='word_1_335' title='bbox 652 3647 765 3701; x_wconf 90' lang='lat' dir='ltr'><strong>III</strong></span> <span class='ocrx_word' id='word_1_336' title='bbox 794 3649 875 3701; x_wconf 76' lang='lat' dir='ltr'><strong>tit.</strong></span> <span class='ocrx_word' id='word_1_337' title='bbox 913 3652 952 3703; x_wconf 87' lang='lat'><em>2</em></span> <span class='ocrx_word' id='word_1_338' title='bbox 990 3666 1034 3703; x_wconf 78' lang='grc' dir='ltr'><strong>ο.</strong></span> <span class='ocrx_word' id='word_1_339' title='bbox 1072 3651 1138 3702; x_wconf 88' lang='grc'><strong>13</strong></span> <span class='ocrx_word' id='word_1_340' title='bbox 1176 3647 1482 3714; x_wconf 75' lang='lat' dir='ltr'><strong>Extravay.</strong></span> <span class='ocrx_word' id='word_1_341' title='bbox 1520 3661 1788 3699; x_wconf 78' lang='lat' dir='ltr'><strong>commun.</strong></span> 
     </span>
     <span class='ocr_line' id='line_1_33' title="bbox 400 3736 979 3807; baseline -0.002 -16"><span class='ocrx_word' id='word_1_342' title='bbox 400 3737 446 3806; x_wconf 75' lang='lat'><strong>⁶)</strong></span> <span class='ocrx_word' id='word_1_343' title='bbox 487 3753 528 3791; x_wconf 79' lang='lat' dir='ltr'><strong>c.</strong></span> <span class='ocrx_word' id='word_1_344' title='bbox 568 3738 716 3791; x_wconf 79' lang='grc'><strong>21).</strong></span> <span class='ocrx_word' id='word_1_345' title='bbox 755 3736 895 3807; x_wconf 75' lang='lat'><strong>21§</strong></span> <span class='ocrx_word' id='word_1_346' title='bbox 929 3741 979 3791; x_wconf 83' lang='grc'><strong>2.</strong></span> 
     </span>
     <span class='ocr_line' id='line_1_34' title="bbox 406 3825 981 3895; baseline -0.003 -14"><span class='ocrx_word' id='word_1_347' title='bbox 406 3825 446 3893; x_wconf 78' lang='lat'><strong>⁷)</strong></span> <span class='ocrx_word' id='word_1_348' title='bbox 487 3843 529 3881; x_wconf 79' lang='lat' dir='ltr'><strong>c.</strong></span> <span class='ocrx_word' id='word_1_349' title='bbox 568 3830 635 3880; x_wconf 82' lang='lat'><strong>12</strong></span> <span class='ocrx_word' id='word_1_350' title='bbox 671 3828 729 3882; x_wconf 79' lang='lat'><strong>0.</strong></span> <span class='ocrx_word' id='word_1_351' title='bbox 765 3831 805 3881; x_wconf 83' lang='lat'><strong><em>2</em></strong></span> <span class='ocrx_word' id='word_1_352' title='bbox 842 3844 888 3895; x_wconf 76' lang='lat' dir='ltr'><strong>q.</strong></span> <span class='ocrx_word' id='word_1_353' title='bbox 931 3830 981 3880; x_wconf 88' lang='lat'><strong>6.</strong></span> 
     </span>
     <span class='ocr_line' id='line_1_35' title="bbox 402 3915 1051 3982; baseline -0.002 -13"><span class='ocrx_word' id='word_1_354' title='bbox 402 3916 447 3982; x_wconf 73' lang='lat'><strong>¹⁵⁸)</strong></span> <span class='ocrx_word' id='word_1_355' title='bbox 486 3915 613 3969; x_wconf 77' lang='lat' dir='ltr'><strong>Lib.</strong></span> <span class='ocrx_word' id='word_1_356' title='bbox 649 3916 690 3969; x_wconf 94' lang='lat' dir='ltr'><strong><em>I</em></strong></span> <span class='ocrx_word' id='word_1_357' title='bbox 720 3917 806 3969; x_wconf 76' lang='lat' dir='ltr'><strong>tit.</strong></span> <span class='ocrx_word' id='word_1_358' title='bbox 844 3920 882 3967; x_wconf 85' lang='grc'><em>8</em></span> <span class='ocrx_word' id='word_1_359' title='bbox 917 3932 960 3969; x_wconf 85' lang='lat' dir='ltr'><strong>c.</strong></span> <span class='ocrx_word' id='word_1_360' title='bbox 1000 3919 1051 3968; x_wconf 78' lang='lat'><strong>4.</strong></span> 
     </span>
     <span class='ocr_line' id='line_1_36' title="bbox 400 4002 1647 4074; baseline -0.002 -16"><span class='ocrx_word' id='word_1_361' title='bbox 400 4006 445 4073; x_wconf 66' lang='grc'><strong>9)</strong></span> <span class='ocrx_word' id='word_1_362' title='bbox 486 4023 529 4058; x_wconf 85' lang='lat' dir='ltr'><strong>c.</strong></span> <span class='ocrx_word' id='word_1_363' title='bbox 568 4008 640 4057; x_wconf 83' lang='grc'><strong>38</strong></span> <span class='ocrx_word' id='word_1_364' title='bbox 680 4003 736 4059; x_wconf 83' lang='lat' dir='ltr'><strong>G.</strong></span> <span class='ocrx_word' id='word_1_365' title='bbox 773 4008 841 4057; x_wconf 87' lang='lat'><strong>12</strong></span> <span class='ocrx_word' id='word_1_366' title='bbox 876 4022 924 4073; x_wconf 81' lang='lat' dir='ltr'><strong>q.</strong></span> <span class='ocrx_word' id='word_1_367' title='bbox 962 4009 1000 4058; x_wconf 78' lang='lat'><strong><em>2</em></strong></span> <span class='ocrx_word' id='word_1_368' title='bbox 1035 4004 1264 4070; x_wconf 61' lang='lat' dir='ltr'><strong>(bessem</strong></span> <span class='ocrx_word' id='word_1_369' title='bbox 1300 4003 1402 4058; x_wconf 87' lang='lat' dir='ltr'><strong>hec</strong></span> <span class='ocrx_word' id='word_1_370' title='bbox 1439 4002 1647 4074; x_wconf 76' lang='lat' dir='ltr'><strong>hujus).</strong></span> 
     </span>
     <span class='ocr_line' id='line_1_37' title="bbox 162 4094 1011 4163; baseline -0.006 -12"><span class='ocrx_word' id='word_1_371' title='bbox 162 4096 238 4151; x_wconf 85' lang='lat'><strong>35</strong></span> <span class='ocrx_word' id='word_1_372' title='bbox 382 4095 446 4158; x_wconf 82' lang='lat'><strong>¹⁰)</strong></span> <span class='ocrx_word' id='word_1_373' title='bbox 484 4111 526 4149; x_wconf 78' lang='lat' dir='ltr'><strong>c.</strong></span> <span class='ocrx_word' id='word_1_374' title='bbox 566 4098 635 4146; x_wconf 79' lang='lat'><strong>45</strong></span> <span class='ocrx_word' id='word_1_375' title='bbox 677 4094 839 4148; x_wconf 67' lang='lat'><strong>(212</strong></span> <span class='ocrx_word' id='word_1_376' title='bbox 876 4112 923 4163; x_wconf 75' lang='lat' dir='ltr'><strong>q.</strong></span> <span class='ocrx_word' id='word_1_377' title='bbox 960 4099 1011 4147; x_wconf 86' lang='grc'><strong>2.</strong></span> 
     </span>
     <span class='ocr_line' id='line_1_38' title="bbox 382 4182 1011 4251; baseline -0.005 -13"><span class='ocrx_word' id='word_1_378' title='bbox 382 4183 447 4251; x_wconf 92' lang='lat'><strong>¹¹)</strong></span> <span class='ocrx_word' id='word_1_379' title='bbox 486 4200 528 4237; x_wconf 86' lang='lat' dir='ltr'><strong>c.</strong></span> <span class='ocrx_word' id='word_1_380' title='bbox 568 4186 641 4237; x_wconf 84' lang='lat'><strong>67</strong></span> <span class='ocrx_word' id='word_1_381' title='bbox 679 4182 733 4238; x_wconf 84' lang='lat'><strong>0.</strong></span> <span class='ocrx_word' id='word_1_382' title='bbox 772 4186 840 4236; x_wconf 82' lang='lat'><strong>12</strong></span> <span class='ocrx_word' id='word_1_383' title='bbox 874 4201 922 4251; x_wconf 79' lang='lat' dir='ltr'><strong>q.</strong></span> <span class='ocrx_word' id='word_1_384' title='bbox 961 4187 1011 4236; x_wconf 84' lang='lat'><strong>2.</strong></span> 
     </span>
     <span class='ocr_line' id='line_1_39' title="bbox 378 4271 838 4339; baseline -0.004 -12"><span class='ocrx_word' id='word_1_385' title='bbox 378 4271 443 4339; x_wconf 80' lang='lat'><strong>¹²)</strong></span> <span class='ocrx_word' id='word_1_386' title='bbox 481 4289 524 4327; x_wconf 83' lang='lat' dir='ltr'><strong>c.</strong></span> <span class='ocrx_word' id='word_1_387' title='bbox 563 4277 599 4326; x_wconf 75' lang='lat'><strong><em>4</em></strong></span> <span class='ocrx_word' id='word_1_388' title='bbox 636 4273 708 4327; x_wconf 87' lang='lat' dir='ltr'><strong>D.</strong></span> <span class='ocrx_word' id='word_1_389' title='bbox 748 4276 838 4325; x_wconf 84' lang='grc'><strong>92.</strong></span> 
     </span>
     <span class='ocr_line' id='line_1_40' title="bbox 379 4361 1042 4429; baseline -0.005 -12"><span class='ocrx_word' id='word_1_390' title='bbox 379 4361 447 4429; x_wconf 78' lang='lat'><strong>¹³)</strong></span> <span class='ocrx_word' id='word_1_391' title='bbox 484 4361 610 4416; x_wconf 77' lang='lat' dir='ltr'><strong><em>Lib.</em></strong></span> <span class='ocrx_word' id='word_1_392' title='bbox 648 4361 691 4415; x_wconf 91' lang='lat' dir='ltr'><strong><em>I</em></strong></span> <span class='ocrx_word' id='word_1_393' title='bbox 720 4362 805 4415; x_wconf 82' lang='lat' dir='ltr'><strong>tit.</strong></span> <span class='ocrx_word' id='word_1_394' title='bbox 845 4364 881 4414; x_wconf 90' lang='lat'><em>9</em></span> <span class='ocrx_word' id='word_1_395' title='bbox 915 4378 959 4416; x_wconf 85' lang='lat' dir='ltr'><strong>c.</strong></span> <span class='ocrx_word' id='word_1_396' title='bbox 997 4365 1042 4414; x_wconf 88' lang='lat'><strong>1.</strong></span> 
     </span>
     <span class='ocr_line' id='line_1_41' title="bbox 382 4450 1068 4519; baseline -0.004 -13"><span class='ocrx_word' id='word_1_397' title='bbox 382 4451 446 4519; x_wconf 77' lang='grc' dir='ltr'><strong>Η)</strong></span> <span class='ocrx_word' id='word_1_398' title='bbox 487 4452 545 4507; x_wconf 82' lang='lat' dir='ltr'><strong>C.</strong></span> <span class='ocrx_word' id='word_1_399' title='bbox 597 4450 682 4504; x_wconf 91' lang='lat' dir='ltr'><strong>VI</strong></span> <span class='ocrx_word' id='word_1_400' title='bbox 713 4451 800 4503; x_wconf 77' lang='lat' dir='ltr'><strong>tit.</strong></span> <span class='ocrx_word' id='word_1_401' title='bbox 839 4455 905 4502; x_wconf 83' lang='lat'><strong>61</strong></span> <span class='ocrx_word' id='word_1_402' title='bbox 943 4451 973 4503; x_wconf 85' lang='lat' dir='ltr'><strong>l.</strong></span> <span class='ocrx_word' id='word_1_403' title='bbox 1012 4455 1068 4503; x_wconf 74' lang='lat'><strong>2.</strong></span> 
     </span>
    </p>
   </div>
   <div class='ocr_carea' id='block_1_5' title="bbox 160 4540 1045 4788">
    <p class='ocr_par' dir='ltr' id='par_1_5' title="bbox 160 4540 1045 4788">
     <span class='ocr_line' id='line_1_42' title="bbox 160 4540 1045 4595; baseline -0.003 0"><span class='ocrx_word' id='word_1_404' title='bbox 160 4541 237 4595; x_wconf 86' lang='lat'><strong>40</strong></span> <span class='ocrx_word' id='word_1_405' title='bbox 376 4540 418 4569; x_wconf 67' lang='lat'><strong>¹⁵</strong></span> <span class='ocrx_word' id='word_1_406' title='bbox 482 4540 555 4593; x_wconf 82' lang='grc' dir='ltr'><strong>Ι).</strong></span> <span class='ocrx_word' id='word_1_407' title='bbox 596 4540 647 4593; x_wconf 87' lang='lat' dir='ltr'><em>L</em></span> <span class='ocrx_word' id='word_1_408' title='bbox 686 4541 770 4592; x_wconf 76' lang='lat' dir='ltr'><strong>tit.</strong></span> <span class='ocrx_word' id='word_1_409' title='bbox 813 4540 886 4592; x_wconf 87' lang='lat'><strong>10</strong></span> <span class='ocrx_word' id='word_1_410' title='bbox 922 4541 953 4593; x_wconf 88' lang='lat' dir='ltr'><strong>l.</strong></span> <span class='ocrx_word' id='word_1_411' title='bbox 991 4544 1045 4593; x_wconf 80' lang='lat'><strong>2.</strong></span> 
     </span>
     <span class='ocr_line' id='line_1_43' title="bbox 379 4629 859 4696; baseline -0.002 -13"><span class='ocrx_word' id='word_1_412' title='bbox 379 4630 444 4696; x_wconf 75' lang='lat'><strong>¹⁶)</strong></span> <span class='ocrx_word' id='word_1_413' title='bbox 483 4647 527 4683; x_wconf 82' lang='lat' dir='ltr'><strong>c.</strong></span> <span class='ocrx_word' id='word_1_414' title='bbox 564 4633 637 4682; x_wconf 75' lang='lat'><strong>24</strong></span> <span class='ocrx_word' id='word_1_415' title='bbox 673 4629 747 4683; x_wconf 89' lang='lat' dir='ltr'><strong>D.</strong></span> <span class='ocrx_word' id='word_1_416' title='bbox 787 4631 859 4682; x_wconf 81' lang='lat'><strong>63</strong></span> 
     </span>
     <span class='ocr_line' id='line_1_44' title="bbox 375 4717 821 4788; baseline 0 -16"><span class='ocrx_word' id='word_1_417' title='bbox 375 4717 443 4788; x_wconf 80' lang='lat'><strong>¹⁷)</strong></span> <span class='ocrx_word' id='word_1_418' title='bbox 483 4736 525 4772; x_wconf 86' lang='lat' dir='ltr'><strong>c.</strong></span> <span class='ocrx_word' id='word_1_419' title='bbox 567 4722 599 4771; x_wconf 78' lang='lat'><em>4</em></span> <span class='ocrx_word' id='word_1_420' title='bbox 636 4719 710 4773; x_wconf 91' lang='lat' dir='ltr'><strong>D.</strong></span> <span class='ocrx_word' id='word_1_421' title='bbox 749 4722 821 4772; x_wconf 88' lang='lat'><strong>63</strong></span> 
     </span>
    </p>
   </div>
   <div class='ocr_carea' id='block_1_6' title="bbox 2366 4804 2485 4857">
    <p class='ocr_par' dir='ltr' id='par_1_6' title="bbox 2366 4804 2485 4857">
     <span class='ocr_line' id='line_1_45' title="bbox 2366 4804 2485 4857; baseline 0.008 -1"><span class='ocrx_word' id='word_1_422' title='bbox 2366 4804 2485 4857; x_wconf 66' lang='lat'><strong>24*</strong></span> 
     </span>
    </p>
   </div>
  </div>
 </body>
</html>
