3500 5300
1382 389 1482 445 No,
1520 389 1619 445 1⁴¹:
1662 391 1817 446 1536.
2825 388 2935 452 375

270 584 534 649 tandum
580 584 659 650 de
705 584 1098 670 regressibus
1143 586 1468 651 fructuum
1514 586 2050 653 reservationibus
2094 597 2157 654 et
2203 586 2640 675 pensionibu8‚
2701 598 2769 653 ut
2829 588 2930 655 vel
2985 595 3124 644 1536

271 690 351 755 ab
400 691 496 756 his
544 690 937 757 abstineatur
982 693 1084 757 vel
1131 695 1196 757 in
1242 692 1337 757 his
1383 693 1611 760 dandis
1654 694 1884 759 modus
1929 694 2306 760 adhibeatur
2333 697 2404 784 ⁸).

443 892 551 954 22.
646 887 745 951 De
794 887 1064 953 nexibus
1110 888 1343 976 quibus
1390 890 1845 978 archiepiscopi
1900 900 1962 956 et
2021 893 2297 978 episcopi
2360 915 2395 955 a
2456 894 2584 956 suis
2642 893 2932 979 capitulis

244 994 350 1059 'ob
398 993 773 1060 colationem
820 993 1261 1061 benefitiorum
1320 1007 1468 1062 sunt
1527 1000 1799 1081 astricti,
1859 1021 1984 1063 non
2047 1009 2142 1063 est
2202 999 2370 1085 quod
2431 999 2721 1086 culpetur
2782 1022 2932 1086 apo·

219 1099 486 1168 ostolica
531 1102 742 1167 sedes:
788 1102 853 1167 id
902 1104 1382 1187 ordinariorum,
1429 1127 1547 1169 nec
1594 1106 1874 1170 omnium
1921 1106 2131 1189 etiam,
2177 1116 2273 1170 est
2301 1116 2596 1188 erratum,
2647 1129 2789 1170 cum
2842 1108 2931 1171 in·

268 1217 514 1295 tegrum
573 1211 653 1274 sit
698 1210 788 1274 eis
833 1208 916 1273 ab
964 1210 1059 1275 his
1106 1233 1170 1275 se
1216 1210 1487 1276 nexibus
1536 1211 1879 1277 absolvere.
1970 1213 2078 1300 qui
2127 1214 2178 1276 si
2215 1213 2599 1299 juramentO,
2646 1214 2818 1300 quod
2865 1215 2929 1277 in

268 1316 677 1382 electionibus
724 1326 835 1382 aut
880 1317 1291 1404 adipiscenda
1334 1321 1723 1405 possessione
1762 1319 1842 1384 de
1888 1328 2262 1386 statutorum
2312 1329 2374 1385 et
2404 1320 2930 1385 consuetudinum

269 1423 705 1489 observatione
751 1433 1054 1510 prestant,
1100 1425 1167 1489 id
1214 1448 1400 1511 agere
1446 1436 1783 1513 nequeant,
1831 1437 2043 1514 posset
2088 1428 2314 1492 Saum
2348 1426 2659 1492 Dominus
2701 1426 2931 1492 Noster

267 1553 374 1596 eos
417 1528 500 1595 ab
546 1530 668 1596 hoc
703 1532 1157 1618 jurejurandO,
1206 1533 1375 1619 quod
1422 1533 1486 1597 in
1547 1535 1878 1619 pernitiem
1940 1534 2171 1612 tendit,
2233 1533 2561 1599 absolvere
2620 1557 2696 1598 ac
2757 1557 2928 1599 man-

182 1652 249 1705 10
268 1637 420 1702 dare
466 1639 686 1726 iniqua
730 1647 965 1704 statuta
996 1637 1309 1725 abrogare
1355 1663 1712 1728 pravasque
1746 1639 1962 1705 tollere
1993 1640 2047 1729 b)
2096 1641 2585 1706 consuetudines
2631 1665 2707 1705 ac
2738 1642 2927 1705 etiam

267 1767 492 1810 cavere
538 1744 803 1832 posthac
852 1745 1083 1810 talibus
1129 1748 1560 1834 astringantur
1606 1746 1898 1812 vinculis.

441 1945 546 2008 23.
638 1941 738 2006 De
783 1937 880 2006 his
929 1966 1077 2008 vero
1124 1944 1228 2030 qui
1288 1945 1623 2031 pinguiora
1684 1943 1969 2009 obtinent
2030 1944 2359 2026 benefitia,
2420 1943 2926 2031 permittentibus

266 2047 469 2113 colabi
515 2049 918 2114 ecclesiarum
968 2050 1244 2134 edificia,
1308 2052 1458 2137 ipsis
1503 2052 1753 2116 interim
1804 2051 2269 2137 Megarensium
2329 2051 2487 2116 luxu
2548 2051 2924 2135 viventibus,

265 2157 416 2220 satis
459 2156 783 2242 provisum
831 2158 1040 2221 extitit
1085 2179 1198 2243 per
1244 2158 1563 2222 Romanos
1617 2159 1948 2244 pontifices
1993 2167 2056 2223 et
2101 2182 2284 2223 sacra·
2340 2158 2608 2224 concilia
2670 2182 2744 2222 ac
2803 2170 2927 2223 sta-

178 2276 247 2329 15
262 2271 468 2328 tutum
516 2271 709 2349 quota
754 2287 904 2349 pars
949 2265 1014 2328 in
1063 2263 1441 2329 edifitiorum
1489 2266 2006 2331 instaurationem
2068 2267 2149 2330 sit
2206 2266 2622 2352 exponenda,
2678 2289 2800 2352 que
2862 2268 2926 2330 in

261 2393 614 2457 pauperum
664 2394 843 2435 usum
917 2381 979 2436 et
1039 2394 1160 2458 que
1232 2374 1294 2435 in
1343 2373 1619 2458 ipsorum
1682 2375 2225 2438 sustentationem:
2288 2397 2339 2436 c.
2399 2373 2795 2438 decrevimus
2846 2382 2926 2440 10

263 2500 320 2565 q.
376 2490 402 2544 1
442 2476 526 2565 ¹),
586 2477 756 2565 quod
814 2478 931 2542 fuit
977 2478 1473 2544 Tarraconensis
1532 2481 1818 2557 concilii3
1891 2503 1941 2544 c.
2002 2482 2149 2544 unio
2211 2479 2320 2544 Ca.
2380 2480 2598 2544 eadem
2660 2489 2737 2545 et.
2785 2504 2842 2567 q.
2872 2482 2927 2565 2)

264 2583 752 2669 Tolletanensis3
802 2607 852 2650 c.
892 2597 943 2652 1.
976 2584 1056 2650 de
1087 2585 1302 2653 eccles.
1336 2586 1499 2652 edifi.
1530 2586 1584 2676 ³)
1617 2587 2147 2674 Mogontinensis3
2195 2610 2246 2652 c.
2280 2586 2359 2652 de
2408 2585 2503 2651 his
2542 2609 2614 2652 eo
2662 2586 2842 2652 titulo
2870 2588 2925 2673 ⁴)

261 2692 615 2757 Alexandri
645 2692 797 2775 111.;
844 2715 895 2758 c.
946 2716 1219 2759 concess.
1249 2694 1303 2779 ὃ)
1353 2703 1416 2758 et
1462 2718 1511 2758 c.
1546 2702 1814 2782 quatuor
1855 2707 1928 2760 12
1980 2719 2036 2781 q.
2089 2706 2124 2759 2
2160 2695 2397 2759 Gelasii
2426 2698 2515 2779 6);
2562 2718 2613 2758 c.
2663 2694 2741 2759 de
2787 2695 2924 2758 red-

170 2797 498 2866 aeditibus
545 2799 765 2865 eadem
813 2799 923 2866 Ca.
971 2809 1034 2865 et
1082 2824 1137 2887 q.
1187 2800 1490 2887 Simplicii
1522 2802 1592 2886 ⁷).

440 2906 681 2986 Quodsi
728 2929 841 2993 per
887 2907 1347 2972 ordinariorum
1409 2910 1831 2974 coniventiam
1880 2931 2002 2995 que
2049 2910 2111 2972 in
2160 2931 2511 2994 pauperum
2559 2932 2743 2989 usus,
2804 2931 2925 2994 que

260 3016 325 3078 in
374 3014 751 3079 edifitiorum
814 3016 1274 3100 reparationem
1337 3025 1484 3080 sunt
1541 3016 1953 3102 exponenda,
2016 3018 2079 3079 in
2142 3038 2291 3079 suos
2351 3039 2500 3079 usus
2569 3025 2631 3079 et
2699 3013 2921 3080 luxum

263 3131 636 3186 convertant
682 3120 1087 3186 ecclesiarum
1134 3130 1443 3204 rectores,
1502 3122 1654 3209 quid
1699 3132 1794 3187 est
1839 3122 2006 3210 quod
2068 3124 2323 3207 gravari
2386 3146 2450 3186 se
2497 3131 2718 3208 putent
2764 3120 2921 3186 Ger-

146 3314 153 3321 ,
258 3230 429 3293 mani
477 3253 513 3291 a
562 3228 847 3293 Romano
894 3229 1209 3315 pontifice,
1256 3230 1511 3317 quando
1559 3229 1622 3293 hi
1669 3231 1733 3293 in
1781 3240 2026 3316 partem
2061 3228 2471 3294 solicitudinis
2518 3238 2664 3292 sunt
2709 3230 2918 3292 vocati

166 3348 241 3402 25
259 3344 321 3399 et
352 3337 458 3422 qui
490 3337 748 3422 propius
779 3338 990 3401 ovium
1025 3334 1143 3399 sibi
1176 3338 1585 3402 comissarum
1628 3346 1836 3402 errata
1867 3348 2131 3423 possunt
2161 3338 2541 3422 conspicere,
2587 3358 2709 3421 quc
2754 3345 2920 3399 recte

258 3444 477 3507 statuit
521 3441 865 3528 apostolica
910 3443 1107 3526 sedes,
1156 3444 1457 3508 mandare
1504 3442 1833 3529 negligunt
1879 3442 2088 3507 debite
2133 3444 2508 3507 executioni.

400 3640 445 3687 ιι)
477 3638 574 3679 M.
608 3641 627 3678 1
654 3638 777 3679 mid..-
816 3638 881 3679 Do
910 3638 1195 3689 pensionibus
1234 3650 1331 3679 vero
1360 3641 1480 3680 recte
1520 3640 1768 3679 consultum
1806 3639 2040 3685 videretur.
2084 3640 2122 3678 si
2163 3639 2337 3679 tertiam
2378 3638 2598 3679 fructuum
2635 3647 2797 3688 partem
2835 3650 2919 3678 non

256 3711 518 3751 excederent
554 3722 633 3751 uec
672 3710 744 3750 his
784 3712 1072 3760 gravarentur
1109 3710 1197 3751 nisi
1244 3710 1451 3750 benefitia
1491 3723 1573 3760 que
1620 3711 1835 3769 resignnri
1875 3710 2111 3761 contigerit
2150 3714 2228 3750 sut
2267 3710 2521 3760 permutari,
2565 3712 2760 3758 quodque
2791 3710 2921 3749 unica

256 3781 465 3833 pensione
493 3793 621 3822 unum
650 3781 901 3822 benefitium
931 3781 1105 3832 gravari
1133 3782 1291 3832 possit.

161 3860 236 3913 30
401 3852 587 3905 Magnus
615 3853 728 3894 onim
760 3853 932 3893 videtur
958 3854 1121 3893 abusus
1150 3853 1360 3894 beneficis
1388 3852 1688 3894 ecclesiastica
1717 3865 1801 3903 que
1831 3853 1928 3894 sine
1957 3853 2050 3893 ulla
2076 3851 2367 3893 diminutione
2395 3851 2579 3893 conferri
2609 3850 2782 3897 debent.
2811 3850 2920 3891 adeo

253 3924 541 3977 pensionibus
570 3924 741 3967 onerari
768 3926 817 3964 ut
846 3924 971 3965 illius
1002 3935 1145 3965 rector
1174 3936 1253 3965 nec
1279 3936 1410 3965 onera
1440 3924 1736 3966 incumbentia
1766 3926 1987 3966 sustinere
2019 3936 2098 3964 uec
2127 3923 2296 3964 edifltia
2323 3935 2517 3974 reparare
2548 3934 2626 3963 nec
2654 3922 2919 3973 pauperibus

220 3988 225 3991 ’
257 3996 489 4037 subvenire
518 3996 675 4047 possit.
732 3995 922 4037 facultas
951 3996 1079 4036 otiam
1108 3996 1403 4037 transferendi
1443 3996 1613 4036 omnino
1655 3996 1830 4037 videtur
1857 3995 2139 4044 antiquanda,
2182 4008 2234 4035 ne
2264 3994 2570 4034 ecclesiastica
2597 3994 2801 4033 benefitia
2829 3994 2918 4032 tam

254 4069 387 4118 longo
415 4072 607 4117 tempore
635 4067 863 4118 pensionis
893 4079 1020 4107 onere
1049 4069 1299 4117 graventur.

400 4140 441 4181 bt
476 4140 570 4179 (¹011.
601 4139 777 4180 tonant.

157 4250 234 4303 35
404 4247 444 4301 ¹)
484 4264 529 4300 e.
566 4251 638 4299 10
676 4247 732 4299 C.
775 4250 849 4299 10
886 4263 933 4313 q.
973 4249 1021 4300 1.

400 4336 439 4391 ²)
492 4336 757 4389 Vielmeln·
793 4354 836 4389 c.
875 4340 912 4388 3
948 4336 1005 4390 C.
1046 4339 1122 4388 10
1157 4354 1203 4404 q.
1244 4340 1292 4388 3.

401 4424 440 4485 ²¹)
478 4424 604 4478 Lib.
642 4423 755 4477 ΙΙΙ
785 4424 871 4477 tit.
910 4428 984 4477 48
1022 4441 1064 4478 c.
1104 4429 1148 4478 1.

396 4515 439 4577 ⁴)
475 4514 708 4569 Ibidem.

398 4602 439 4657 ὁ)
479 4622 521 4657 c.
560 4608 637 4657 26
674 4604 731 4657 C.
770 4608 840 4657 12
878 4621 925 4672 q.
962 4608 1017 4657 2.

153 4694 232 4746 40
398 4692 631 4747 “tc.27
670 4693 1010 4762 C.1211.2.

406 4781 440 4849 ³)
480 4800 523 4836 c.
561 4788 634 4835 2⁸
673 4784 728 4836 C.
767 4787 835 4836 12
873 4800 920 4851 q.
958 4788 1012 4835 2.
