3500 5300
1120 368 1218 424 No.
1258 369 1389 425 195:
1427 369 1567 425 1535
1604 369 1817 439 August
1852 370 1939 424 24.
2755 366 2859 429 491

193 565 383 628 immo
430 564 668 629 malum
713 563 986 650 aliquem
1031 563 1339 646 fructum,
1397 568 1546 651 quia
1602 573 1801 630 totam
1849 566 2166 631 nationem
2212 568 2617 631 concitasset.
2710 588 2859 650 ergo
2915 570 3057 621 1535

194 670 350 736 haec
381 693 525 735 mea
557 671 870 756 profectio
917 671 1039 735 fuit
1069 675 1343 737 maxime
1373 674 1732 737 necessaria
1761 682 1828 738 et
1857 675 1978 737 erit
2008 672 2335 737 fructuosa
2366 712 2449 720 —
2484 672 2606 737 hoe
2650 675 2860 759 ipsum

193 778 337 842 volo
369 800 542 842 nunc
572 777 952 843 concludere
980 820 1083 859 ——‚
1113 781 1168 844 si
1201 780 1575 866 praesertim
1607 779 1924 845 Caesarea
1955 788 2019 843 et
2047 779 2291 845 Vestra
2319 780 2522 863 Regia
2551 779 2859 866 Majestas

192 883 588 949 ostenderint
641 907 710 950 se
767 884 929 950 bene
976 884 1273 951 ardentes
1322 888 1386 950 in
1445 885 1568 951 hoc
1615 887 1883 971 negocio
1892 896 1910 966 ,'
1958 909 2123 950 nunc
2167 887 2373 970 gratia
2413 886 2573 951 Jesu
2619 884 2860 950 Christi

143 993 665 1078 501nnipotentis‚
711 994 983 1057 maxime
1031 994 1180 1079 quia
1224 994 1380 1056 estis
1427 1015 1595 1058 nune
1641 994 1708 1056 in
1754 1000 1933 1057 tanta
1978 994 2247 1058 victoria
2292 994 2669 1057 auctoritate
2715 992 2861 1056 feli-

191 1100 381 1163 citate
432 1106 498 1162 et
543 1101 856 1184 potentia!
935 1106 998 1161 et
1029 1098 1298 1162 verbum
1344 1099 1506 1163 bene
1554 1098 1851 1163 ardent-cs
1900 1099 2021 1163 hoc
2058 1098 2251 1163 habet
2282 1101 2409 1162 vim
2444 1107 2510 1163 et
2541 1101 2859 1184 energiam

188 1227 483 1289 magnam
530 1214 792 1290 propter
835 1227 1214 1292 responsum
1272 1205 1425 1268 mihi
1472 1205 1690 1269 datum
1738 1205 1819 1269 ab
1867 1205 2078 1290 aliquo
2124 1208 2413 1292 principe
2446 1210 2518 1286 ¹),
2577 1205 2749 1291 quod
2795 1208 2860 1269 in

187 1311 362 1376 aliud
410 1320 664 1398 tempus
712 1311 990 1376 scribere
1038 1310 1284 1377 differo.

368 1419 666 1483 Alterum
722 1441 874 1483 vero
921 1419 1045 1483 tale
1094 1430 1223 1485 est:
1284 1419 1460 1484 finito
1509 1419 1630 1483 hoc
1675 1441 1818 1483 meo
1864 1422 2090 1483 itinere
2137 1442 2395 1506 prorsus
2441 1442 2703 1485 necesse
2762 1429 2863 1485 est

111 1543 173 1597 10
188 1535 254 1590 ut
306 1523 550 1611 aliquid
598 1528 812 1590 statim
842 1527 953 1590 fiat
983 1528 1048 1591 in
1081 1525 1200 1590 hac
1231 1527 1496 1590 materia
1526 1535 1590 1591 et
1635 1529 2077 1591 continuemus
2110 1548 2247 1590 eam
2262 1551 2281 1606 3
2328 1526 2603 1612 alioquin
2634 1525 2862 1613 perdet

188 1632 254 1697 id
303 1656 530 1719 parum
575 1634 1058 1697 existimationis
1091 1633 1262 1718 quod
1310 1635 1536 1718 incipit
1564 1633 1837 1712 habere3
1884 1633 2160 1718 alioquin
2196 1655 2427 1717 magna
2454 1634 2622 1698 mala
2651 1634 2862 1719 aliqua

186 1748 534 1805 nascentur
577 1762 692 1825 per
736 1738 1165 1818 Germaniam,
1212 1742 1359 1825 quia
1406 1763 1625 1804 omnes
1670 1742 1801 1825 jam
1846 1747 2145 1825 putarent
2188 1762 2256 1803 se
2303 1738 2549 1805 irrideri
2598 1749 2664 1804 et
2708 1762 2861 1805 con-

189 1848 388 1910 temni
457 1870 496 1911 a
562 1844 716 1910 sede
784 1845 1135 1932 apostolica
1202 1869 1348 1912 cum
1416 1848 1596 1910 vanis
1666 1845 2089 1931 legationibus
2153 1854 2216 1911 et
2276 1846 2652 1912 tractatibus
2722 1847 2860 1911 sine

189 1952 446 2018 effectu.
537 1955 816 2037 cogitavi
865 1976 1018 2018 vero
1065 1953 1236 2039 quod
1281 1953 1372 2017 illi
1421 1956 1546 2018 mei
1593 1952 1862 2033 domini,
1924 1955 2034 2037 qui
2093 1962 2241 2018 sunt
2300 1954 2571 2032 Romae,
2629 1953 2858 2019 multas

115 2075 172 2129 15
189 2059 434 2124 habent
502 2062 951 2146 occupationes
1011 2070 1076 2124 et
1134 2060 1298 2125 forte
1359 2062 1524 2125 irent
1583 2058 1939 2125 differendo
1987 2061 2313 2123 materiam
2368 2069 2432 2123 et
2477 2058 2666 2145 quod,
2712 2059 2861 2125 licet

190 2189 311 2251 ego
357 2166 703 2231 scriberem
734 2167 1016 2252 pericula
1048 2189 1209 2252 quae
1242 2190 1434 2253 supra
1462 2166 1614 2246 dixi,
1661 2175 1874 2231 tamen
1905 2167 2150 2230 litterae
2187 2175 2338 2230 sunt
2369 2166 2566 2231 verba
2610 2177 2860 2232 mortua

190 2285 252 2338 et
302 2296 466 2360 quae
515 2275 624 2338 vix
671 2274 867 2338 semel
912 2272 1272 2338 audiuntur.
1363 2276 1578 2359 itaque
1624 2272 1796 2337 aliud
1859 2275 2049 2337 etiam
2096 2274 2405 2357 cogitavi:
2467 2272 2639 2360 quod
2686 2283 2860 2339 certe

189 2390 365 2445 esset
422 2380 821 2445 fructuosum
883 2382 1217 2458 materiae,
1275 2382 1328 2444 si
1390 2388 1648 2465 peracto
1703 2380 1826 2444 hoc
1882 2402 2025 2443 meo
2081 2381 2307 2444 itinere
2355 2382 2639 2445 venirem
2685 2383 2859 2466 prius

189 2486 275 2552 ad
321 2488 593 2572 Regiam
622 2482 1028 2574 Majestatem
1057 2484 1362 2554 Vestram
1410 2486 1494 2551 ad
1539 2485 1943 2552 referendum
1976 2495 2041 2551 et
2080 2486 2584 2566 consultandum,
2629 2486 2860 2553 deinde

107 2594 366 2681 20quod
435 2617 551 2681 per
623 2604 874 2681 postam
934 2603 1184 2680 egomet
1249 2596 1408 2660 irem
1453 2594 1724 2659 Romam
1796 2602 1862 2659 et
1919 2593 2051 2658 illic
2111 2601 2362 2679 egomet
2420 2594 2585 2659 vivis
2645 2595 2860 2661 verbis

189 2701 459 2767 cottidie
506 2711 571 2767 et
615 2702 881 2788 singulis
926 2701 1096 2766 horis
1129 2702 1483 2782 clamarem,
1515 2705 1837 2780 instarem,
1882 2722 2190 2784 urgerem.
2258 2700 2429 2787 quod
2475 2704 2530 2765 si
2561 2702 2861 2783 facerem,

190 2818 367 2875 certe
413 2831 540 2873 non
587 2811 876 2874 sinerem
905 2830 1013 2874 eos
1061 2808 1357 2873 oblivisci
1403 2809 1586 2895 hujus
1631 2809 1965 2887 materiae,
2013 2816 2076 2872 et
2120 2806 2285 2872 forte
2330 2806 2375 2871 J
2378 2830 2522 2872 esus
2571 2807 2861 2873 Christus

190 2915 378 2981 daret
421 2916 579 2980 mihi
625 2916 790 2981 hanc
833 2917 1104 3000 gratiam
1150 2915 1322 3002 quod
1367 2938 1624 3001 possem
1666 2922 1994 3001 reportare
2041 2913 2124 2979 ad
2155 2912 2417 2980 Sacram
2454 2915 2863 3000 Majestatem

190 3023 504 3089 Vestram
551 3024 1024 3088 conclusionem
1072 3032 1138 3087 et
1181 3022 1592 3087 indictionem
1624 3022 1894 3087 concilii.
1956 3045 2094 3106 eg0‚
2138 3024 2414 3107 inquam,
2460 3021 2614 3086 nulli
2660 3022 2862 3088 labori

104 3145 175 3198 25
194 3129 432 3214 effugio
470 3129 751 3215 nullique
798 3129 1154 3195 incomodo.

373 3235 516 3321 Ego
561 3238 790 3322 scripsi
837 3243 981 3300 ante
1041 3235 1282 3322 aliquot
1340 3235 1477 3301 dies
1523 3236 1654 3300 Β,ΙΙω
1700 3234 2008 3301 cardinali
2053 3234 2433 3300 Tridentino
2461 3238 2507 3318 ²)
2569 3246 2636 3302 et
2693 3257 2860 3301 nunc

191 3352 453 3429 repeto:
501 3345 640 3408 sine
684 3342 945 3407 licentia
974 3343 1291 3428 pontificis
1339 3366 1464 3406 non
1497 3342 1799 3408 auderem
1838 3345 1928 3407 ire
1943 3366 1961 3421 ;
2007 3344 2062 3407 si
2110 3344 2303 3407 etiam
2350 3364 2470 3427 ego
2517 3344 2858 3408 scriberem

193 3473 312 3537 pro
369 3450 629 3515 lieentia
686 3449 1007 3530 habenda,
1068 3448 1233 3515 forte
1293 3473 1518 3536 parum
1576 3450 1968 3536 proficerem.
2086 3452 2301 3536 itaque
2359 3447 2603 3517 Vestra
2665 3449 2863 3515 Sacra

192 3558 507 3646 Majestas
553 3558 809 3643 cogitet,
853 3560 910 3622 si
954 3557 1046 3622 illi
1091 3556 1419 3623 videretur
1462 3557 1741 3622 scribere
1773 3558 1985 3641 agenti
2031 3579 2147 3621 suo
2193 3559 2302 3643 qui
2339 3556 2583 3621 Romae
2630 3566 2746 3637 est,
2790 3568 2864 3623 ut

103 3678 177 3732 30
194 3664 441 3731 diceret
497 3665 782 3750 pontifici
839 3663 1011 3751 quod
1065 3663 1372 3751 judicium
1428 3663 1712 3729 Vestrae
1770 3665 2128 3750 Majestatis
2199 3673 2370 3729 essct
2436 3672 2508 3728 ut
2572 3685 2674 3727 me
2731 3662 2864 3730 Sua

196 3771 519 3837 Sanctitas
566 3780 927 3857 presentem
972 3770 1224 3837 audiret
1268 3779 1334 3835 et
1377 3770 1525 3836 ideo
1573 3771 1750 3857 quod
1795 3793 1896 3835 me
1944 3780 2205 3836 vocaret
2250 3770 2332 3836 ad
2378 3792 2449 3835 se
2478 3793 2597 3857 per
2625 3779 2863 3856 poetae,

196 3879 462 3944 dimisso
508 3900 653 3943 meo
699 3877 987 3944 auditore
1032 3880 1099 3942 in
1142 3878 1287 3943 loco
1334 3900 1477 3943 meo
1506 3880 1571 3962 ³).

199 3993 300 4000 „—

339 4039 387 4109 ¹)
427 4039 779 4110 Auspicium
815 4037 933 4106 auf
959 4038 1050 4094 die
1086 4038 1206 4093 dem
1253 4038 1507 4110 Verqerio
1542 4039 1698 4094 nicht
1743 4038 2052 4109 magonae
2088 4039 2351 4094 Antwort
2386 4038 2480 4094 des
2515 4037 2864 4105 Kurfflrsten

195 4145 302 4183 von
337 4129 439 4184 der
476 4128 659 4197 Psak,
693 4144 779 4183 m.
816 4131 935 4183 196.

104 4219 178 4275 35
340 4216 390 4283 ²)
424 4216 548 4272 Der
583 4217 757 4284 Bn'ef
785 4219 915 4287 lieqt
948 4217 1100 4272 nicht
1134 4234 1245 4272 vor.
1317 4217 1438 4272 Der
1478 4216 1754 4272 Cardinal
1786 4233 1893 4272 von
1931 4216 2124 4271 Tricnt
2158 4217 2311 4272 hatte
2344 4217 2461 4272 sich
2496 4217 2726 4286 damah,
2762 4219 2864 4273 wie

201 4306 378 4361 Fabri
415 4322 508 4361 am
542 4309 582 4360 8
618 4306 840 4375 August
876 4323 955 4361 απ
997 4307 1251 4375 Veryert'o
1287 4306 1496 4361 schrieb
1534 4306 1828 4376 (Υεπεάίρ,
1867 4305 2012 4359 Bibl.
2052 4306 2234 4361 Mare.
2271 4306 2367 4362 lat.
2404 4306 2473 4361 el.
2512 4306 2597 4359 IX
2635 4307 2753 4362 cod.
2793 4308 2862 4362 66

199 4393 292 4450 fol.
324 4396 428 4451 139
460 4394 657 4465 Oria),
693 4396 794 4450 mit
828 4396 1004 4465 weniy
1034 4395 1351 4464 Beyleitern
1387 4395 1533 4450 nach
1563 4395 1730 4467 Tyrol
1754 4394 2015 4463 entfernt,
2056 4412 2164 4450 con
2198 4411 2279 4450 wo
2304 4412 2438 4449 man
2473 4396 2652 4449 seim
2678 4395 2862 4450 Ria'ck·

200 4484 329 4539 keho-
364 4501 444 4539 aa
481 4484 588 4539 den
623 4483 755 4550 Hos
782 4485 847 4539 im
892 4486 1023 4539 zwei
1072 4485 1157 4539 bis
1202 4484 1322 4540 drei
1358 4485 1628 4540 Monatm
1672 4485 2052 4555 entyeyensah.
2126 4483 2251 4539 Das
2280 4483 2486 4554 yleiche
2520 4484 2728 4539 sclav—iob
2766 4483 2864 4538 der

201 4572 536 4639 Erzbischof
557 4590 667 4628 von
700 4572 878 4628 Luna
913 4591 991 4629 an
1027 4573 1136 4628 den
1170 4573 1431 4629 Nuntius
1473 4590 1565 4628 am
1602 4577 1637 4628 9
1670 4574 1919 4643 Auyust:
1966 4573 2222 4643 Venediq,
2260 4573 2408 4628 Bibl.
2436 4572 2617 4628 Mare.
2646 4573 2763 4628 ital.
2792 4574 2860 4629 cl.

101 4664 182 4719 40
203 4661 255 4717 V
289 4663 406 4719 eod.
445 4664 517 4718 63
552 4661 646 4718 fol.
685 4663 757 4717 62
797 4662 944 4732 Θήρ.
981 4663 1069 4729 (im
1103 4663 1483 4718 italienischer
1515 4663 1796 4733 Sprache).

342 4751 387 4824 ⁸)
425 4748 626 4821 Ausscr
662 4769 740 4806 an
775 4751 881 4805 den
916 4752 1107 4823 Koniq
1143 4751 1367 4806 wandte
1401 4753 1519 4808 sich
1553 4753 1806 4823 Veryerio
1840 4752 1940 4807 mit
1978 4751 2254 4807 dersclben
2279 4750 2435 4805 Βᾶτε
2470 4751 2617 4805 auch
2652 4767 2730 4805 an
2756 4749 2865 4805 don

2877 638 3024 707 Any.
3058 638 3136 693 24
