3500 5300
254 521 393 571 1535

228 590 300 643 M
298 591 357 643 ai
395 594 429 643 6

447 313 556 379 372
1437 317 1533 377 No.
1573 317 1703 376 145:
1748 318 1882 378 1535
1918 318 2026 376 Mai
2062 320 2112 377 6.

447 518 602 584 145.
710 518 1005 601 Veryerio
1051 540 1141 584 an
1186 519 1271 584 K.
1318 519 1707 585 Ferdinand
1718 541 1740 584 .·
1787 519 2260 603 Bestrebunyen
2305 520 2413 585 des
2458 519 2754 602 Verqerio
2800 517 2904 584 die
2933 517 3110 583 Ein-

447 625 650 689 traeht
695 626 1003 691 zwischen
1052 627 1188 691 dem
1237 626 1459 709 Κόπὶρ
1503 627 1643 691 und
1685 627 1808 691 den
1853 627 2185 709 Herzc'iyen
2231 647 2352 691 von
2383 626 2642 691 Baiem
2683 648 2766 691 zu
2807 627 3110 708 festiyen;

445 732 618 796 seine
666 732 1203 815 Verbandlunqen
1248 735 1365 796 mit
1410 734 1530 798 den
1578 733 1871 799 letzteren
1919 735 2054 798 und
2097 734 2272 799 scine
2301 735 2594 799 weiteren
2621 733 3112 814 Dispositionen

448 839 543 902 bis
599 859 744 904 zum
814 840 1177 920 Eintreffen
1247 842 1420 905 eines
1489 839 1835 905 Bescheids
1911 841 2017 905 des
2083 840 2363 906 Kaisers
2431 842 2505 905 in
2573 841 2683 905 der
2757 841 3110 923 Ovisfraye.

462 944 954 1028 Uebermittluny
1002 947 1114 1011 der
1172 947 1511 1029 Warmmq
1559 947 1671 1012 der
1701 947 1988 1030 Ηενεόρθ
2033 967 2145 1012 vor
2190 948 2369 1012 einer
2398 947 2814 1030 allyemeinen
2843 948 3110 1012 Reichs-
3173 962 3211 1015 5

446 1052 929 1135 versammlzmy.
1020 1053 1277 1120 Nutzen
1345 1054 1451 1118 des
1508 1053 1797 1119 Besuchs
1867 1055 1975 1118 des
2044 1054 2405 1119 bairischen
2474 1055 2741 1119 Kreises
2807 1075 2918 1120 vor
2984 1056 3114 1119 den

447 1160 712 1241 iibriyen
758 1160 1058 1225 Kreisen.
1151 1160 1487 1226 Rieckkehr
1544 1160 1710 1225 nach
1771 1161 1960 1227 Wien
2005 1183 2136 1225 vom
2189 1163 2478 1226 Nuntius
2521 1167 2759 1226 vorerst
2803 1163 2976 1227 nicht
3033 1163 3114 1226 in

424 1266 754 1331 'Aussicht
796 1289 1174 1349 yenommen.
1265 1268 1525 1353 [1535]
1570 1267 1723 1332 Mai
1771 1272 1811 1330 6
1855 1268 2174 1350 Freisinq.

588 1411 711 1464 Aua
760 1409 1011 1480 Venediq,
1050 1411 1195 1464 Bibe.
1233 1410 1414 1465 Marc.
1453 1412 1549 1465 lat.
1588 1412 1657 1465 cl.
1696 1410 1782 1464 IX
1820 1412 1939 1466 cod.
1979 1412 2046 1465 67
2085 1410 2178 1466 fol.
2217 1411 2288 1465 54
2308 1441 2341 1448 —
2359 1412 2430 1465 56
2470 1409 2630 1466 Gom.

627 1553 865 1639 Scripsi
912 1561 1059 1617 ante
1090 1553 1329 1640 aliquot
1373 1552 1506 1618 dies
1537 1555 1585 1639 ¹)
1632 1555 1844 1619 omnia
1875 1575 2040 1640 quae
2080 1560 2259 1640 gesta
2305 1554 2564 1618 fuissent
2609 1577 2753 1618 cum
2798 1554 2924 1618 ΒΜ
2970 1577 3112 1619 car·
3137 1570 3214 1622 10

449 1659 656 1724 dinale
703 1659 1209 1746 Saltzpurgensi3
1278 1683 1448 1724 nunc
1494 1684 1570 1725 ea
1635 1660 1841 1726 scribo
1889 1683 2050 1747 quae
2111 1662 2210 1746 egi
2272 1683 2416 1725 cum
2480 1660 2575 1725 his
2635 1660 2883 1727 duobus
2939 1660 3113 1726 Ill-²³³

448 1765 841 1853 principibus
886 1767 1206 1832 Willelmo
1251 1775 1316 1832 et
1360 1767 1701 1833 Lodovico.
1795 1775 1984 1855 atque
2029 1769 2094 1831 in
2158 1769 2377 1854 primis
2434 1791 2562 1833 non
2608 1781 2761 1855 puto
2807 1767 2926 1833 hoc
2971 1791 3114 1833 esse

448 1873 1102 1960 praetermittendum:
1151 1876 1301 1961 quia
1345 1874 1470 1938 huc
1518 1877 1663 1939 veni
1718 1873 1802 1938 ab
1851 1874 2050 1959 Regia
2093 1874 2426 1960 Majestate
2474 1875 2721 1958 Vestra,
2768 1874 3114 1940 dicendum

450 1982 670 2066 putavi
732 1979 898 2044 Illmi⁸
946 1979 1507 2045 Dominationibus
1577 1982 1722 2046 Suis
1787 1981 1956 2068 quod
2025 1981 2354 2046 consilium
2424 1980 2690 2046 Vestrae
2759 1982 3116 2068 Majestatis

449 2087 638 2151 fuerit
681 2096 754 2151 ut
798 2086 923 2151 huc
968 2089 1240 2174 primum
1291 2090 1568 2153 venirem
1616 2095 1919 2175 tanquam
1969 2088 2052 2152 ad
2100 2090 2418 2174 principes
2466 2088 2806 2154 catholicos
2850 2097 2913 2154 et
2959 2112 3114 2175 pru-
3139 2104 3214 2156 15

453 2194 687 2276 dentes,
734 2200 796 2257 et
844 2195 1012 2281 quod
1059 2218 1175 2281 ego
1223 2195 1639 2260 animadverti
1672 2195 2395 2282 Majestatem'Vestram
2443 2218 2550 2260 eos
2596 2194 2848 2282 plurimi
2896 2195 3112 2260 facere

437 2309 514 2365 ‘et
560 2323 788 2365 amare.
880 2309 944 2364 et
989 2302 1108 2366 ista
1155 2301 1428 2389 quidem,
1492 2302 1675 2367 Serme
1722 2325 1856 2382 rex,
1916 2302 2169 2367 fuerunt
2227 2301 2494 2366 libenter
2556 2302 2774 2367 audita
2830 2312 2966 2368 tum
3022 2301 3113 2367 ab

450 2409 601 2494 ipsis
625 2407 1017 2494 principibus
1064 2419 1196 2472 tum
1246 2432 1285 2472 a
1316 2412 1443 2473 suis
1489 2409 1875 2490 consiliariis,
1923 2411 2032 2495 qui
2061 2417 2282 2496 postea
2305 2409 2609 2474 dixerunt
2635 2409 2794 2474 mihi
2824 2433 3112 2475 seorsum

451 2515 617 2602 quod
666 2515 973 2601 placuerit
1031 2515 1301 2580 ducibus
1347 2538 1423 2580 ea
1469 2517 1789 2581 audivisse
1898 2539 2054 2604 quos
2116 2515 2393 2600 intelligo
2454 2539 2591 2582 esse
2636 2517 2889 2604 quidem
2936 2540 3114 2582 nunc

452 2621 716 2687 Vestrae
763 2622 1078 2709 Majestati
1127 2623 1288 2688 bene
1334 2631 1624 2711 acceptos
1655 2614 1749 2689 'et
1795 2623 2030 2689 dixisse
2086 2632 2232 2688 ante
2276 2645 2515 2710 paucos
2569 2624 2702 2690 dies
2760 2624 2931 2712 quod
2976 2640 3217 2694 ωτι-20

453 2730 652 2794 lorum
701 2730 1097 2817 quorundam
1144 2732 1424 2796 virorum
1471 2731 1661 2795 fuerit
1712 2753 1907 2795 causa
1961 2731 2129 2818 quod
2179 2731 2548 2819 aliquandiu
2575 2754 2720 2824 'non
2764 2733 2999 2796 fuerint
3043 2733 3116 2797 in

451 2837 619 2901 bona
649 2839 927 2902 amicitia
967 2860 1108 2902 cum
1145 2838 1477 2924 Majestate
1507 2838 1757 2903 Vestra.
1835 2845 1899 2902 et
1941 2839 2216 2924 primum
2248 2847 2554 2925 quantum
2603 2839 2685 2903 ad
2718 2838 2837 2903 hoc
2866 2826 3117 2923 attinet}

453 2946 603 3030 quia
647 2942 848 3008 debeo
896 2947 1018 3009 cito
1064 2944 1269 3009 redire
1301 2945 1705 3027 Monachum,
1751 2953 2005 3031 captata
2047 2947 2513 3031 opportunitate
2559 2946 2792 3031 fungar
2836 2968 2986 3011 sane
3033 2968 3116 3010 eo

455 3050 660 3115 officio
709 3073 832 3137 quo
880 3050 1099 3132 debeo,
1148 3059 1217 3115 ut
1259 3053 1423 3116 inter
1469 3058 1678 3117 tantos
1722 3054 2041 3153 principes
2087 3050 2300 3116 dulcia
2355 3060 2599 3138 portem
2662 3061 2724 3117 et
2767 3053 3114 3117 firmiorem

368 3185 377 3193 ·
456 3157 892 3239 concordiam,
963 3165 1268 3243 quantum
1339 3161 1458 3224 erit
1516 3161 1581 3222 in
1639 3161 1941 3224 tenuitate
1999 3182 2157 3223 mea.
2248 3161 2578 3224 materia-m
2637 3158 2802 3224 hanc
2861 3160 3117 3225 concilii
3139 3173 3219 3226 25

455 3264 834 3328 audiverunt
878 3287 1022 3328 cum
1069 3286 1305 3350 magna
1359 3266 1685 3353 voluptate
1731 3274 1796 3330 et
1855 3264 2043 3353 plane
2101 3264 2257 3329 nihil
2321 3265 2492 3330 aliud
2539 3267 2834 3331 videntur
2890 3274 3117 3353 optare

451 3370 950 3459 pollicenturque
995 3394 1239 3436 omnem
1289 3394 1504 3437 eorum
1552 3396 1810 3459 operam
1857 3382 1920 3438 et
1971 3375 2430 3456 auctoritatem,
2487 3381 2557 3438 ut
2600 3396 2701 3438 res
2747 3381 2926 3438 tanta
2969 3396 3116 3461 per-

453 3479 557 3542 fici
603 3479 816 3565 possit.

632 3584 846 3665 Quum
894 3607 1045 3650 vero
1090 3586 1289 3651 multa
1336 3587 1414 3652 de
1444 3609 1521 3651 ea
1550 3609 1618 3652 re
1662 3589 1827 3652 inter
1856 3610 1971 3651 nos
2003 3585 2295 3653 collocuti
2340 3609 2618 3653 essemus
2647 3624 2735 3634 ——
2767 3609 2912 3651 cum
2959 3588 3115 3653 duci

455 3691 774 3757 Willelmo
820 3693 885 3755 in
931 3695 1309 3758 monasterio
1350 3694 1623 3782 quodam
1658 3696 2010 3781 campestri,
2058 3717 2182 3780 quo
2215 3704 2352 3759 erat
2394 3695 2713 3782 profectus
2755 3697 3116 3760 venationis
3135 3708 3216 3762 30

457 3822 666 3881 causa,
727 3822 870 3864 cum
930 3799 1091 3867 duce
1135 3799 1467 3866 Ludovico
1525 3803 1593 3865 in
1654 3801 1951 3885 Frisinga
2007 3803 2262 3866 civitate
2313 3841 2415 3883 —,
2474 3801 2727 3866 tandem
2786 3803 2874 3867 ita
2919 3805 3116 3869 statui

455 3908 727 3992 dirigere
771 3909 1103 3992 negocium
1150 3912 1295 3972 cum
1341 3931 1560 3973 eorum
1591 3908 1890 3973 consilio:
1941 3908 2106 3998 vado
2154 3909 2235 3973 ad
2281 3908 2557 3995 reliquos
2585 3910 2900 3995 principes
2930 3911 3116 3974 istius

456 4012 705 4097 circuli3
777 4014 962 4079 hodie
1030 4017 1301 4080 tractavi
1357 4038 1501 4102 cum
1548 4015 1674 4079 R¹¹¹⁰
1723 4017 2016 4102 episcopo
2065 4015 2473 4100 Frisingensi,
2543 4022 2685 4103 post
2750 4016 2908 4080 duos
2976 4016 3118 4082 dies

454 4119 744 4187 tractabo
790 4143 935 4186 cum
980 4121 1442 4205 Ratisbonensi,
1489 4122 1717 4187 deinde
1764 4145 1908 4186 cum
1958 4122 2108 4188 Otto
2143 4123 2420 4187 Henrico
2467 4129 2530 4187 et
2575 4145 2716 4187 cum
2766 4121 2903 4187 aliis
2950 4145 3118 4209 quos

454 4229 835 4310 invenerim3
899 4251 1022 4316 quo
1069 4231 1291 4295 itinere
1336 4238 1592 4315 peracto
1637 4229 1979 4294 Monacum
2040 4228 2342 4312 reddibo,
2412 4236 2474 4294 et
2518 4237 2799 4316 tempore
2849 4230 3213 4317 quidem35

456 4335 737 4400 redditus
781 4333 931 4400 illuc
987 4338 1109 4400 mei
1172 4338 1224 4400 si
1284 4338 1631 4402 invenerim
1693 4337 1864 4424 quod
1910 4336 2212 4424 Majestas
2260 4337 2490 4401 Vestra
2534 4337 2774 4401 miserit
2818 4337 2971 4401 mihi
3015 4360 3116 4402 re-

457 4465 753 4530 sponsum
800 4441 1105 4508 Cesareae
1149 4443 1517 4529 Majestatis,
1565 4466 1729 4530 quae
1761 4445 2146 4509 consenserit
2189 4445 2253 4507 in
2300 4444 2577 4530 aliquam
2625 4446 2945 4510 civitatem
2993 4468 3117 4532 pro

604 4710 645 4783 ¹)
685 4712 790 4765 Am
826 4715 903 4766 28
940 4712 1120 4780 April,
1158 4729 1242 4765 nr.
1282 4715 1397 4766 141.
