3500 5300
550 319 657 386 4⁴10
1452 320 1550 380 No.
1599 323 1726 378 10²³:
1768 319 1905 380 1537
1944 342 1993 377 u.
2034 319 2186 393 April
2226 321 2308 377 16.

324 529 453 576 1:337
552 533 854 600 manu-cm
901 522 1019 585 ho(-
1065 523 1231 585 enim
1264 533 1449 608 pacto
1490 522 1843 599 concilimn‚
1889 519 2061 605 quod
2094 525 2416 604 (quantum
2465 518 2546 584 ad
2579 518 2910 583 Mantuam
2958 520 3216 592 attinet)

233 617 282 648 ”’
308 600 444 664 ΑῙ””
466 600 532 649 m
553 632 969 714 interruptum
1020 628 1219 693 videri
1269 639 1499 714 potest,
1546 631 1914 692 sanctitatis
1962 631 2128 691 Suae
2188 627 2526 713 prudentia
2585 629 2822 711 pietate
2883 634 2944 688 ct
2996 623 3219 688 studio

552 739 913 800 conservari
964 738 1280 818 integrum
1329 746 1391 800 ct
1438 738 1695 801 minime
1743 736 2066 799 turbatum
2115 757 2332 798 omncs
2380 743 2783 816 cognoscent.

730 843 1104 907 Praemittat
1150 844 1304 906 item
1355 867 1546 907 unum
1593 843 1697 907 vcl
1759 842 1920 906 duos
1980 842 2295 928 praelatos
2343 838 2426 905 ad
2486 839 2706 905 urbem
2751 839 3220 917 Tridentinam,

553 953 661 1035 qui
709 950 1125 1014 advenientes
1169 952 1295 1035 jam
1343 952 1677 1036 episcopos
1704 949 2087 1014 Germanias·
2136 958 2200 1012 ct
2226 948 2531 1012 Poloniae
2567 948 2842 1032 benigne
2892 949 3218 1031 excipiant
3277 953 3312 1005 5

554 1080 787 1142 eosque
848 1045 1204 1122 Bononiam
1268 1080 1493 1122 versus
1553 1056 1846 1141 dirigant.
1939 1069 1998 1121 ct
2063 1059 2156 1121 sic
2213 1055 2529 1119 Sanctitas
2584 1054 2733 1133 Sua,
2791 1052 3220 1138 quadraginta

552 1163 697 1229 Rufi*
744 1163 1170 1229 cardinalibus
1232 1175 1293 1227 et
1354 1176 1606 1228 centum
1669 1174 1731 1227 ct
1794 1163 2065 1249 amplius
2137 1164 2452 1248 episcopis
2523 1163 2857 1238 associata,
2915 1159 3220 1225 felicibus

553 1274 851 1358 auspiciis
899 1272 1233 1336 concilium
1281 1271 1408 1335 illic
1456 1271 1776 1335 celebrare
1824 1272 2106 1356 incipiat,
2163 1269 2367 1334 indies
2428 1270 2630 1353 magis
2677 1276 2897 1333 autore
2958 1266 3220 1332 domino

554 1379 981 1464 ampliandum
1031 1390 1113 1456 ct,
1170 1381 1222 1441 si
1281 1388 1428 1444 tunc
1489 1378 1831 1456 videbitur,
1894 1376 1996 1442 vel
2047 1377 2436 1442 Placentiam
2498 1376 2601 1440 vel
2660 1375 2788 1440 alio
2833 1373 2918 1439 de
2965 1373 3220 1439 concssii

555 1509 868 1550 consensu
912 1509 1027 1573 pro
1072 1509 1139 1549 re
1187 1484 1324 1548 loco
1374 1497 1435 1548 ct
1484 1496 1771 1572 tempore
1819 1483 2348 1549 transferendum.
3247 1489 3314 1541 10

731 1593 955 1677 Neque
1004 1616 1168 1656 nunc
1215 1591 1388 1657 dicat.
1430 1594 1571 1678 quis
1626 1592 2019 1656 Luthcranos
2068 1591 2264 1654 multo
2311 1592 2510 1674 magis
2558 1613 2596 1653 a
2641 1589 2912 1653 concilio
2959 1589 3079 1653 hac
3111 1591 3220 1653 via

556 1699 953 1778 avertendos,
1023 1699 1104 1762 dc
1164 1701 1395 1784 quibus
1463 1739 1541 1746 „-
1606 1700 1830 1763 saltcm
1898 1721 2013 1785 per
2080 1698 2413 1762 concilium
2465 1737 2547 1744 —
2594 1695 2973 1761 reducendis
3045 1695 3220 1760 nulla

556 1830 752 1892 prope
801 1831 948 1893 spes
997 1805 1114 1870 hoc
1162 1819 1445 1893 tempore
1492 1807 1712 1872 relicta
1761 1818 1876 1886 cst,
1922 1805 2037 1870 scd
2084 1804 2256 1889 quod
2287 1804 2492 1869 adhuc
2539 1807 2851 1887 integmm
2901 1813 3002 1868 est
3031 1803 3222 1868 Chri-

556 1916 741 1977 stiani
790 1915 1001 1998 gregis
1051 1938 1128 1976 ne
1177 1916 1490 1978 inficiatur
1537 1936 1783 1978 summa
1828 1935 1950 1999 ope
1998 1923 2094 1976 est
2126 1911 2572 1991 adnitendum3
2619 1934 2762 1975 nam
2797 1934 2941 1974 cum
2974 1909 3222 1974 Luthe-

558 2022 691 2083 rani
740 2044 861 2083 non
912 2020 1113 2084 solum
1160 2023 1401 2084 ratione
1448 2021 1590 2099 loci,
1636 2044 1826 2106 quem
1874 2020 1995 2084 sibi
2043 2027 2410 2104 suspectum
2442 2018 2680 2096 dicunt,
2725 2017 2844 2083 sed
2891 2029 2957 2081 ct
3003 2018 3220 2082 multis
3249 2024 3313 2076 15

557 2128 695 2190 aliis
743 2126 822 2191 dc
870 2129 1078 2191 causis
1124 2152 1281 2212 quas
1329 2126 1655 2192 adducunt
1702 2126 2040 2192 concilium
2087 2137 2398 2206 recusent,
2457 2127 2742 2211 quinimo
2790 2135 2855 2189 et
2900 2124 3216 2210 quaedam

558 2245 773 2318 petant
822 2235 902 2298 ol)
950 2257 1110 2319 quac
1157 2234 1493 2299 concilium
1543 2256 1860 2319 nunquam
1903 2233 2352 2299 celebrandum
2400 2255 2538 2296 esse
2572 2254 2760 2297 nemo
2809 2254 2936 2296 non
2984 2253 3220 2317 eogno-

559 2344 696 2418 svit,
742 2341 1159 2406 conservandi
1205 2341 1429 2405 saltem
1477 2353 1621 2406 sunt
1672 2351 1732 2405 et
1768 2339 2136 2406 consolandi
2168 2338 2481 2405 Catholici
2531 2349 2595 2403 ct
2639 2339 2748 2403 alii
2782 2341 2892 2425 qui
2938 2339 3216 2403 titubant

559 2448 963 2512 confirmandi
1014 2458 1075 2511 ct
1124 2448 1507 2526 stabiliendi,
1567 2472 1645 2511 nc
1693 2447 2034 2534 desperato
2080 2470 2338 2534 prorsus
2400 2445 2667 2510 concilio
2727 2448 2792 2509 in
2839 2445 3217 2510 deteriorem

558 2565 803 2639 partem
850 2555 1227 2634 dilabantur,
1274 2578 1501 2638 magno
1541 2565 1603 2618 ct
1650 2554 1991 2619 manifesto
2039 2553 2320 2641 periculo
2369 2555 2565 2618 totius
2613 2551 2968 2618 catholicae
3017 2553 3310 2616 eccle-⁴20

559 2665 710 2741 sinc,
758 2665 875 2727 nisi
937 2686 1052 2748 per
1112 2664 1480 2741 concilium,
1549 2661 1721 2749 quod
1791 2686 2008 2727 omncs
2079 2662 2318 2727 tamdiu
2390 2663 2791 2748 expetierunt
2855 2671 2916 2723 ct
2981 2663 3046 2724 in
3091 2683 3218 2745 quo

559 2794 774 2833 omnes
824 2773 1098 2834 omnium
1146 2794 1294 2856 spes
1344 2770 1641 2834 videntur
1685 2773 1866 2848 sitae,
1911 2769 2058 2834 huic
2091 2769 2255 2833 malo
2301 2791 2490 2853 quam
2521 2771 2792 2854 primum
2840 2778 3218 2832 occurratur.

560 2890 619 2940 et
669 2901 861 2961 quum
910 2880 1137 2941 San¹¹¹¹¹⁸
1186 2877 1497 2941 Dominus
1530 2877 1773 2941 Noster
1804 2886 1981 2941 tanto
2013 2876 2330 2940 desiderio
2377 2886 2442 2940 ct
2488 2875 2709 2939 favore
2751 2876 3004 2939 concilii
3051 2875 3220 2939 cele-

560 2984 785 3049 brandi
835 3009 951 3049 sua
998 2997 1222 3070 sponte
1271 2996 1331 3047 ct
1379 2984 1715 3070 prudentia
1765 2992 1976 3048 motus
2024 2982 2327 3070 populum
2375 2983 2497 3048 sibi
2544 2985 2951 3047 commissum
2998 2984 3064 3045 in
3096 2981 3218 3045 fide

563 3104 623 3154 ct
673 3092 892 3156 ordine
939 3091 1244 3155 hactenus
1293 3093 1691 3168 continuerit,
1738 3093 1792 3154 si
1842 3090 2135 3155 videatur
2180 3114 2344 3155 nune
2392 3089 2602 3175 aliquo
2647 3102 2839 3175 pacto
2884 3088 3306 3153 concilimnz‘s

562 3199 874 3283 refugere,
920 3198 1382 3284 quantmnlibct
1417 3199 1758 3263 clamemus
1807 3208 1866 3260 ct
1916 3197 2438 3285 impedimentum
2463 3195 2799 3260 Mantuam
2830 3196 3222 3281 objiciamuS,

565 3304 717 3369 illud
765 3317 973 3369 tamen
1022 3305 1168 3369 inde
1230 3306 1564 3384 efficietur,
1624 3318 1689 3371 ut
1753 3304 1945 3390 (quod
2007 3314 2104 3367 cst
2173 3326 2423 3390 semper
2489 3306 2552 3367 in
2621 3304 2904 3389 pejorem
2973 3312 3220 3388 partem

563 3412 904 3476 humanum
953 3415 1268 3495 ingenium
1318 3435 1621 3499 praeceps
1670 3423 1731 3475 ct
1759 3414 2034 3475 omnium
2083 3412 2383 3475 laieorum
2429 3412 2618 3474 animi
2668 3411 2732 3472 in
2758 3409 3222 3473 ecclesiasticos

564 3519 722 3583 adeo
771 3520 1145 3599 exacerbati)
1197 3544 1321 3583 non
1368 3521 1571 3583 solum
1619 3522 1822 3582 omnis
1871 3519 2056 3605 culpa
2102 3520 2166 3581 in
2201 3518 2617 3583 Sanctitatem
2660 3514 2856 3580 Suam
2905 3517 3225 3600 rejiciatur

565 3628 747 3712 cique
799 3627 965 3690 nulla
1016 3650 1309 3711 tunquam
1356 3625 1512 3690 fides
1561 3626 1679 3690 hac
1726 3628 1792 3689 in
1839 3635 2019 3710 parte
2055 3624 2318 3709 posthac
2349 3624 2672 3701 habeatur,
2719 3622 2837 3687 sed
2884 3633 2945 3686 et
2983 3622 3310 3687 Luthe-au

564 3757 785 3798 ranum
830 3732 1189 3797 incendium
1216 3735 1405 3797 ctiam
1454 3735 1518 3797 in
1542 3734 1909 3796 nostrismet
1940 3731 2302 3815 regionibus
2334 3731 2640 3796 hactenus
2674 3740 2916 3796 tectum
2963 3728 3224 3795 tandem

566 3850 853 3926 crumpat
901 3852 963 3903 et
1012 3842 1278 3924 majores
1328 3841 1494 3904 vires
1542 3839 1746 3904 indies
1795 3841 2077 3924 recipiat,
2122 3838 2295 3922 quod
2327 3838 2510 3902 Deus
2557 3860 2674 3901 sua
2719 3837 3005 3901 bonitate
3041 3859 3227 3901 aver-

566 3960 701 4010 tere
750 3947 1059 4032 dignetur.

742 4054 889 4119 Scio
936 4055 1131 4119 multa
1178 4055 1325 4119 hinc
1374 4053 1517 4119 inde
1565 4054 1753 4138 objici
1800 4064 1928 4117 tam
1975 4061 2195 4118 sancto
2242 4055 2417 4138 operi
2469 4052 2953 4138 impedimenta:
3026 4061 3228 4115 terro-

566 4186 694 4229 rem
766 4162 1145 4241 Turcarum,
1214 4164 1514 4225 intestina
1576 4161 1743 4225 bella
1813 4159 2348 4239 Christianorum,
2415 4170 2512 4223 tot
2581 4170 2887 4245 tantaque
2957 4161 3019 4222 in
3101 4158 3227 4222 fide
3245 4168 3314 4221 35

566 4269 833 4333 dissidia
882 4282 941 4333 ct
992 4280 1323 4355 corruptos
1380 4290 1604 4332 mores,
1697 4268 1811 4332 sed
1872 4290 1999 4351 quo
2058 4269 2328 4332 astutius
2388 4274 2452 4330 et
2511 4265 2951 4331 vehementius
2998 4264 3230 4330 adver-

569 4379 769 4441 sarius
819 4388 1034 4441 noster
1081 4375 1369 4439 diabolus
1430 4376 1761 4439 ecclesiam
1822 4374 2213 4461 pessundare
2270 4384 2548 4453 conatur,
2615 4396 2692 4438 eo
2750 4374 2980 4439 fortius
3041 4372 3227 4437 nobis

566 4483 991 4548 resistendum
1040 4493 1135 4545 cst
1182 4485 1555 4568 pracsertim
1604 4482 1840 4547 auxilio
1885 4483 2011 4546 Dei
2059 4491 2125 4546 et
2169 4483 2406 4567 pietate
2467 4503 2540 4544 ac
2598 4503 2752 4545 cura
2809 4480 2994 4564 hujus
3041 4503 3226 4544 sanc—

568 4592 795 4653 tissimi
843 4593 1178 4676 pontificis,
1225 4593 1332 4675 qui
1380 4600 1509 4653 tam
1557 4590 1848 4653 alacriter
1894 4600 1959 4652 ct
2004 4598 2132 4653 tam
2177 4598 2395 4654 sancte
2441 4587 2796 4665 concilium,
2857 4586 3031 4672 quod
3079 4600 3225 4673 post

571 4707 818 4759 exortas
868 4698 980 4760 has
1029 4697 1282 4760 hereses
1331 4721 1582 4785 semper
1628 4700 1691 4760 in
1738 4699 1948 4760 animo
2006 4696 2246 4777 habuit,
2307 4695 2536 4760 indixit
2585 4704 2648 4759 et
2695 4694 2779 4759 ad
2823 4696 2960 4782 ejus
3007 4703 3312 4781 prose-40
