3500 5300
409 586 549 636 1536

600 381 709 444 374
1714 383 1812 439 Nc.
1853 386 1952 438 1²⁸¹:
1991 385 2148 439 1536.

601 591 840 647 attento
887 584 1164 646 maxime
1211 582 1480 647 volentis
1527 604 1855 662 consensu,
1904 603 2049 646 cum
2095 579 2332 645 volenti
2378 589 2440 645 et
2488 581 2900 645 consentienti
2960 602 3090 645 non
3153 580 3271 645 fiat

603 691 850 775 injuria.
977 691 1091 753 etsi
1160 691 1326 753 enim
1395 687 1707 753 laboranti
1781 711 2019 752 merces
2089 687 2424 767 debeatur,
2501 690 2640 775 quis
2704 698 2914 752 tamen
2976 687 3274 774 prohibet

601 818 981 885 quemquam
1050 797 1247 880 gratis
1317 818 1576 882 operam
1646 818 1826 859 suam
1888 793 2300 882 impendere?
2424 817 2570 858 nam
2645 805 2707 858 et
2793 795 3068 876 PauluS,
3154 798 3272 859 etsi

600 906 907 989 potuisset
984 905 1221 967 victum
1294 927 1331 966 a
1400 901 1739 967 Corinthiis
1808 904 2095 986 exigere,
2177 900 2407 988 quibus
2476 901 2831 967 seminabat
2888 900 3268 989 spiritualia,

599 1033 675 1074 ca
737 1021 945 1075 tamen
1010 1010 1318 1074 abstinuit
1384 1019 1721 1096 potestate,
1792 1023 1863 1073 ut
1925 1008 2192 1074 habetur
2260 1010 2432 1074 dicta
2491 1012 2694 1095 prima
2764 1008 2844 1073 ad
2908 1008 3313 1073 Corinthiosf»

602 1140 653 1181 c.
706 1131 743 1184 9
780 1118 847 1200 ¹).

778 1223 947 1304 Quia
995 1235 1205 1288 tamen
1250 1246 1376 1287 non
1424 1246 1670 1309 semper
1716 1222 2178 1309 inspiciendum
2225 1223 2478 1287 videtur
2523 1224 2677 1309 quid
2707 1223 2844 1287 fieri
2890 1224 3109 1308 possit,
3156 1222 3267 1286 sed

601 1330 752 1417 quid
801 1329 987 1395 liceat
1032 1330 1377 1395 secundum
1426 1330 1800 1416 equitatem,
1866 1329 2019 1416 quid
2066 1330 2287 1393 deceat
2346 1330 2692 1395 secundum
2753 1329 3146 1395 honestatem
3205 1337 3268 1392 et

603 1437 755 1524 quid
801 1437 1102 1522 expediat
1147 1438 1493 1502 secundum
1544 1436 1910 1501 utilitatem:
1957 1459 2008 1500 c.
2058 1458 2287 1522 magne
2332 1436 2412 1500 de
2458 1445 2607 1500 voto
2635 1435 2718 1525 2);
2765 1445 2827 1501 et
2872 1438 3087 1521 sepius
3145 1458 3267 1522 que

600 1543 917 1609 laudabile
978 1543 1257 1608 habuere
1315 1545 1561 1607 initium
1624 1553 1943 1608 crescente
2002 1544 2064 1606 in
2125 1542 2260 1606 dies
2317 1542 2643 1608 hominum
2704 1544 2946 1608 malitia
3004 1544 3070 1607 in
3127 1554 3339 1629 per-10

600 1653 815 1716 nitiem
850 1661 1201 1734 vertuntur,
1251 1649 1650 1737 pluriumque
1685 1673 1894 1714 rerum
1944 1673 2067 1714 non
2116 1673 2285 1731 usuS,
2333 1649 2442 1714 sed
2474 1652 2702 1714 nimius
2753 1673 2901 1714 usus
2932 1652 3014 1714 sit
3058 1671 3264 1735 repre·

600 1757 956 1823 hensibilis:
1004 1781 1130 1821 non
1178 1757 1259 1822 ab
1306 1780 1374 1821 re
1420 1757 1582 1823 foret
1627 1780 1748 1844 que
1797 1759 2026 1843 passim
2075 1766 2240 1821 etate
2303 1767 2516 1821 nostra
2578 1757 3014 1822 conceduntur
3071 1779 3263 1821 reser-

600 1868 902 1947 vationes,
950 1866 1156 1928 rarius
1200 1863 1582 1948 concedere„
1621 1873 1685 1929 et
1732 1867 1794 1929 in
1845 1865 2063 1951 primis
2108 1864 2551 1928 abstinendum
2598 1864 2758 1928 foret
2796 1863 2879 1927 ab
2927 1863 3024 1928 his
3069 1886 3264 1928 reser-

600 1971 963 2037 vationibus
1025 1970 1255 2059 quibus
1316 1970 1506 2034 datur
1563 1981 1632 2034 ut
1694 1994 1888 2035 unum
1954 1971 2080 2035 duo
2150 1974 2272 2035 tria
2340 1981 2401 2034 et
2470 1980 2561 2034 tot
2629 1980 2780 2057 quot
2847 1979 2964 2035 etc.
3035 1993 3263 2035 vacare

600 2081 931 2165 contigerit
992 2078 1286 2143 benefitia
1348 2100 1545 2164 nsque
1615 2077 1695 2142 ad
1768 2088 2008 2143 tantam
2079 2101 2388 2142 summam
2462 2080 2568 2141 uni
2638 2078 3074 2143 conferantur:
3142 2093 3343 2164 qaeu·

601 2186 980 2273 quandoque
1031 2185 1262 2249 nedum
1311 2186 1372 2248 in
1421 2208 1547 2248 una
1592 2195 1705 2250 aut
1751 2184 2001 2249 duabus
2057 2185 2245 2250 datur
2290 2183 2664 2266 diocesibuS,
2714 2185 2820 2248 sed
2869 2186 2933 2248 in
2969 2188 3262 2249 universa

600 2295 916 2380 provintia
961 2303 1072 2357 aut
1120 2314 1314 2377 regno
1364 2291 1829 2356 conceduntur:
1890 2293 1968 2356 he
2030 2294 2257 2357 etenim
2321 2302 2466 2356 sunt
2526 2292 2604 2356 de
2666 2292 2895 2378 quibus
2956 2291 3262 2356 Germani

600 2409 1088 2487 conqueruntur,
1135 2422 1279 2463 cum
1329 2398 1423 2462 his
1470 2398 2004 2463 reservationibus
2052 2401 2379 2463 innumera
2432 2398 2725 2463 benefitia
2779 2401 2968 2463 etiam
3030 2401 3262 2463 incom-

601 2505 887 2593 patibilia
949 2530 1112 2570 unus
1181 2514 1566 2592 assequatur.
1659 2528 1782 2591 que
1842 2528 1987 2570 cum
2047 2507 2317 2571 retinere
2384 2529 2508 2570 non
2570 2506 2810 2589 valeat,
2874 2506 3012 2570 aliis
3069 2529 3260 2570 reser-

601 2625 751 2679 vata
799 2614 917 2678 sibi
962 2615 1263 2701 pensione
1310 2613 1532 2677 cedere
1595 2611 2023 2700 compellitur,
2083 2635 2202 2678 nec
2261 2612 2480 2678 habita
2538 2615 2782 2678 ratione
2843 2624 2912 2679 ut
2976 2612 3344 2679 benefitio‘z)

600 2721 1008 2808 provideatur
1068 2745 1193 2785 non
1241 2723 1443 2806 magis
1491 2720 1748 2803 idone0,
1821 2721 1930 2785 sed
1979 2722 2280 2807 majorem
2328 2721 2614 2785 offerenti
2671 2722 3034 2807 pensionem
3084 2721 3258 2785 cedit.

600 2851 724 2915 quo
772 2828 843 2893 fit
891 2838 957 2891 ut
1005 2827 1313 2893 inhabiles
1360 2830 1551 2913 inepti
1601 2838 1663 2892 et
1702 2827 1977 2914 improbi
2023 2830 2231 2914 sepius
2264 2827 2635 2914 posthabitis
2666 2826 3032 2892 melioribus
3063 2851 3259 2891 sacer-

600 2938 785 2999 dotiis
832 2935 1249 3021 preficiantur.
1341 2934 1489 2998 hinc
1535 2937 1721 2999 ctiam
1792 2933 2262 2998 inextricabiles
2321 2934 2460 2999 lites
2515 2936 2995 3021 frequentesque
3057 2938 3122 2999 in
3171 2958 3261 2999 as·

601 3042 919 3130 sequenda
965 3043 1353 3127 possessione
1419 3042 1849 3106 contentiones
1895 3043 2033 3105 rixe
2089 3052 2152 3105 et
2197 3040 2524 3124 scandala,
2586 3041 2818 3129 quibus
2864 3042 3054 3106 datur
3113 3066 3261 3106 ansa

601 3151 663 3212 in
713 3148 1164 3212 ecclesiasticos
1211 3147 1607 3236 obloquendi.
3277 3163 3334 3214 aff>

780 3255 911 3320 Nec
956 3258 1165 3318 minus
1211 3253 1653 3319 abstinendum
1702 3256 1861 3319 foret
1909 3255 1990 3318 ab
2039 3255 2136 3318 his
2180 3254 2713 3319 reservationibus
2744 3255 2976 3342 quibus
3024 3267 3262 3322 certum

602 3374 961 3437 reservatur
1010 3361 1408 3425 benefitium:
1459 3362 1534 3425 he
1582 3365 1813 3426 etenim
1849 3372 2011 3444 sunt,
2063 3386 2204 3426 cum
2255 3364 2319 3426 in
2367 3365 2553 3427 unius
2587 3364 2866 3427 favorem
2917 3364 3098 3439 fiunt,
3145 3388 3262 3450 que

604 3482 819 3533 votum
890 3468 1177 3533 tribuunt
1239 3470 1552 3554 captande
1622 3471 1843 3533 mortis
1911 3494 1950 3533 a
2019 3473 2213 3534 sacris
2284 3469 2635 3535 canonibus
2704 3482 2764 3534 et
2835 3470 3262 3557 imperialibus

602 3575 846 3661 legibus
892 3578 1117 3640 totiens
1166 3586 1234 3639 ut
1279 3598 1469 3661 supra
1502 3576 1780 3640 diximus
1826 3577 2237 3641 detestatum:
2286 3600 2337 3641 c.
2374 3590 2409 3642 :2
2459 3578 2538 3642 de
2586 3601 2859 3643 concess.
2893 3577 3149 3664 preben.
3179 3583 3262 3659 ³);

601 3683 639 3746 l.
685 3683 745 3746 fi.
794 3682 863 3747 C.
914 3683 994 3746 de
1041 3693 1204 3768 pact.
1234 3685 1307 3766 ⁴).
3275 3698 3331 3752 30

780 3788 1099 3855 Habenda
1143 3791 1333 3854 etiam
1380 3799 1540 3855 esset
1587 3792 1746 3856 ratio
1794 3793 2109 3855 minorum
2142 3789 2582 3856 benefitiorum
2630 3802 2694 3856 et
2738 3816 2958 3859 eorum
2989 3796 3262 3859 maxime

603 3921 724 3985 que
786 3897 1089 3962 Germani
1151 3896 1428 3961 choralia
1488 3907 1895 3984 nuncupant,
1964 3906 2037 3963 ut
2103 3900 2360 3963 minime
2428 3899 2648 3984 gratiis
2718 3903 3139 3987 expectativis
3204 3913 3262 3965 et

602 4003 1136 4069 reservationibus
1190 4004 1653 4068 ordinariorum
1701 4016 1762 4070 et
1811 4005 2230 4092 capitulorum
2278 4007 2622 4070 auctoritas
2678 4005 3025 4090 lederetur,
3089 4030 3261 4071 revo-

604 4113 969 4198 candusque
1015 4111 1336 4176 videretur
1383 4114 1678 4199 antiquus
1724 4111 1827 4177 ille
1873 4122 1936 4176 et
1979 4112 2316 4178 laudabilis
2373 4122 2630 4199 patrum
2689 4123 3054 4181 nostrorum
3110 4138 3260 4195 mos,

604 4232 675 4284 ut
746 4219 990 4284 nonnisi
1070 4240 1184 4303 pro
1248 4242 1372 4282 uno
1436 4243 1629 4283 unum
1694 4230 2035 4305 gravarent
2095 4221 2450 4285 colatorem.
2543 4219 2782 4308 aliquid
2848 4224 3040 4286 etiam
3099 4222 3329 4307 cogi-35·

753 4504 788 4557 ιι
827 4509 856 4555 1
880 4503 998 4558 Cor.
1041 4510 1075 4557 9
1114 4523 1156 4559 r.
1196 4508 1413 4558 13—15.

750 4594 788 4647 ’ἢ
827 4594 949 4647 Lib.
990 4595 1100 4647 III
1133 4596 1212 4647 tit.
1253 4598 1323 4647 34
1362 4612 1404 4647 c.
1440 4599 1484 4647 7.

750 4683 788 4727 ³¹1
830 4683 951 4734 Lib.
994 4684 1097 4735 III
1135 4686 1214 4735 tit.
1253 4694 1290 4735 «S
1327 4702 1369 4735 c.
1406 4688 1461 4738 2.

747 4770 787 4831 ⁴)
825 4774 881 4822 Η.
920 4792 965 4823 υ.
1006 4774 1060 4824 S.
1100 4776 1207 4824 372
1244 4774 1403 4826 Anm.
1444 4776 1494 4827 4.
