<?xml version="1.0" encoding="UTF-8"?>
<!DOCTYPE html PUBLIC "-//W3C//DTD XHTML 1.0 Transitional//EN"
    "http://www.w3.org/TR/xhtml1/DTD/xhtml1-transitional.dtd">
<html xmlns="http://www.w3.org/1999/xhtml" xml:lang="en" lang="en">
 <head>
  <title>
</title>
<meta http-equiv="Content-Type" content="text/html;charset=utf-8" />
  <meta name='ocr-system' content='tesseract 3.04.00' />
  <meta name='ocr-capabilities' content='ocr_page ocr_carea ocr_par ocr_line ocrx_word'/>
</head>
<body>
  <div class='ocr_page' id='page_1' title='image "./nuntiaturberich02deugoog_1049.png"; bbox 0 0 3500 5300; ppageno 0'>
   <div class='ocr_carea' id='block_1_1' title="bbox 547 361 2096 424">
    <p class='ocr_par' dir='ltr' id='par_1_1' title="bbox 547 361 2096 424">
     <span class='ocr_line' id='line_1_1' title="bbox 547 361 2096 424; baseline -0.002 0"><span class='ocrx_word' id='word_1_1' title='bbox 547 361 656 424; x_wconf 66' lang='lat'><strong>352</strong></span> <span class='ocrx_word' id='word_1_2' title='bbox 1659 366 1758 422; x_wconf 85' lang='lat' dir='ltr'><strong>No.</strong></span> <span class='ocrx_word' id='word_1_3' title='bbox 1800 368 1900 422; x_wconf 70' lang='lat'><strong>1⁸:</strong></span> <span class='ocrx_word' id='word_1_4' title='bbox 1941 368 2096 422; x_wconf 82' lang='grc'><strong>1536.</strong></span> 
     </span>
    </p>
   </div>
   <div class='ocr_carea' id='block_1_2' title="bbox 356 558 3294 1073">
    <p class='ocr_par' dir='ltr' id='par_1_2' title="bbox 356 558 3294 1073">
     <span class='ocr_line' id='line_1_2' title="bbox 356 558 3212 649; baseline 0 -24"><span class='ocrx_word' id='word_1_5' title='bbox 356 564 496 615; x_wconf 83' lang='grc'><strong><em>1536</em></strong></span> <span class='ocrx_word' id='word_1_6' title='bbox 549 561 758 625; x_wconf 78' lang='lat' dir='ltr'><strong>edocti</strong></span> <span class='ocrx_word' id='word_1_7' title='bbox 816 558 899 625; x_wconf 88' lang='lat' dir='ltr'><strong>ab</strong></span> <span class='ocrx_word' id='word_1_8' title='bbox 956 560 1239 648; x_wconf 88' lang='lat' dir='ltr'><strong>apostolo</strong></span> <span class='ocrx_word' id='word_1_9' title='bbox 1287 560 1509 626; x_wconf 87' lang='lat' dir='ltr'><strong>melius</strong></span> <span class='ocrx_word' id='word_1_10' title='bbox 1554 583 1690 626; x_wconf 87' lang='lat' dir='ltr'><strong>esse</strong></span> <span class='ocrx_word' id='word_1_11' title='bbox 1751 559 1988 626; x_wconf 88' lang='lat' dir='ltr'><strong>nubere</strong></span> <span class='ocrx_word' id='word_1_12' title='bbox 2036 583 2225 648; x_wconf 86' lang='lat' dir='ltr'><strong>quam</strong></span> <span class='ocrx_word' id='word_1_13' title='bbox 2290 562 2388 625; x_wconf 90' lang='lat' dir='ltr'><strong>uri</strong></span> <span class='ocrx_word' id='word_1_14' title='bbox 2421 563 2486 642; x_wconf 90' lang='lat'><strong>¹).</strong></span> <span class='ocrx_word' id='word_1_15' title='bbox 2567 561 2737 649; x_wconf 91' lang='lat' dir='ltr'><strong>quod</strong></span> <span class='ocrx_word' id='word_1_16' title='bbox 2806 563 2857 625; x_wconf 90' lang='lat' dir='ltr'><strong>si</strong></span> <span class='ocrx_word' id='word_1_17' title='bbox 2924 563 3212 627; x_wconf 87' lang='lat' dir='ltr'><strong>locorum</strong></span> 
     </span>
     <span class='ocr_line' id='line_1_3' title="bbox 548 667 3210 754; baseline -0 -22"><span class='ocrx_word' id='word_1_18' title='bbox 548 667 849 732; x_wconf 86' lang='lat' dir='ltr'><strong>ordinarii</strong></span> <span class='ocrx_word' id='word_1_19' title='bbox 894 669 957 732; x_wconf 90' lang='lat' dir='ltr'><strong>in</strong></span> <span class='ocrx_word' id='word_1_20' title='bbox 1004 667 1350 733; x_wconf 80' lang='lat' dir='ltr'><strong>Germania</strong></span> <span class='ocrx_word' id='word_1_21' title='bbox 1394 689 1470 734; x_wconf 87' lang='lat' dir='ltr'><strong>ea</strong></span> <span class='ocrx_word' id='word_1_22' title='bbox 1516 667 1595 731; x_wconf 95' lang='lat' dir='ltr'><strong>de</strong></span> <span class='ocrx_word' id='word_1_23' title='bbox 1644 688 1838 731; x_wconf 87' lang='lat' dir='ltr'><strong>causa</strong></span> <span class='ocrx_word' id='word_1_24' title='bbox 1867 669 2174 754; x_wconf 84' lang='lat' dir='ltr'><strong>pecunias</strong></span> <span class='ocrx_word' id='word_1_25' title='bbox 2204 676 2572 753; x_wconf 89' lang='lat' dir='ltr'><strong>emungunt,</strong></span> <span class='ocrx_word' id='word_1_26' title='bbox 2618 689 2835 733; x_wconf 88' lang='lat' dir='ltr'><strong>eorum</strong></span> <span class='ocrx_word' id='word_1_27' title='bbox 2877 675 2974 732; x_wconf 87' lang='lat' dir='ltr'><strong>est</strong></span> <span class='ocrx_word' id='word_1_28' title='bbox 3000 667 3210 754; x_wconf 84' lang='lat' dir='ltr'><strong>culpa,</strong></span> 
     </span>
     <span class='ocr_line' id='line_1_4' title="bbox 548 772 3212 861; baseline 0 -23"><span class='ocrx_word' id='word_1_29' title='bbox 548 795 674 838; x_wconf 88' lang='lat' dir='ltr'><strong>non</strong></span> <span class='ocrx_word' id='word_1_30' title='bbox 720 772 1061 861; x_wconf 87' lang='lat' dir='ltr'><strong>apostolice</strong></span> <span class='ocrx_word' id='word_1_31' title='bbox 1107 773 1290 856; x_wconf 88' lang='lat' dir='ltr'><strong>sedis,</strong></span> <span class='ocrx_word' id='word_1_32' title='bbox 1336 773 1761 860; x_wconf 89' lang='lat' dir='ltr'><strong>monendique</strong></span> <span class='ocrx_word' id='word_1_33' title='bbox 1806 774 2114 859; x_wconf 87' lang='lat' dir='ltr'><strong>gravioris</strong></span> <span class='ocrx_word' id='word_1_34' title='bbox 2157 773 2441 860; x_wconf 89' lang='lat' dir='ltr'><strong>impense</strong></span> <span class='ocrx_word' id='word_1_35' title='bbox 2487 795 2647 839; x_wconf 86' lang='lat' dir='ltr'><strong>onus</strong></span> <span class='ocrx_word' id='word_1_36' title='bbox 2688 774 2792 839; x_wconf 83' lang='lat' dir='ltr'><strong>vel</strong></span> <span class='ocrx_word' id='word_1_37' title='bbox 2837 773 3063 839; x_wconf 86' lang='lat' dir='ltr'><strong>tollant</strong></span> <span class='ocrx_word' id='word_1_38' title='bbox 3107 773 3212 838; x_wconf 88' lang='lat' dir='ltr'><strong>vel</strong></span> 
     </span>
     <span class='ocr_line' id='line_1_5' title="bbox 547 878 3210 967; baseline 0.001 -24"><span class='ocrx_word' id='word_1_39' title='bbox 547 880 968 962; x_wconf 79' lang='lat' dir='ltr'><strong>moderentur,</strong></span> <span class='ocrx_word' id='word_1_40' title='bbox 1016 902 1132 945; x_wconf 87' lang='lat' dir='ltr'><strong>nec</strong></span> <span class='ocrx_word' id='word_1_41' title='bbox 1175 889 1511 967; x_wconf 85' lang='lat' dir='ltr'><strong>propterea</strong></span> <span class='ocrx_word' id='word_1_42' title='bbox 1555 878 1722 945; x_wconf 91' lang='lat' dir='ltr'><strong>bone</strong></span> <span class='ocrx_word' id='word_1_43' title='bbox 1767 879 1938 966; x_wconf 90' lang='lat' dir='ltr'><strong>leges</strong></span> <span class='ocrx_word' id='word_1_44' title='bbox 1970 878 2333 966; x_wconf 88' lang='lat' dir='ltr'><strong>abrogende</strong></span> <span class='ocrx_word' id='word_1_45' title='bbox 2363 881 2532 967; x_wconf 92' lang='lat' dir='ltr'><strong>quod</strong></span> <span class='ocrx_word' id='word_1_46' title='bbox 2578 880 2676 946; x_wconf 90' lang='lat' dir='ltr'><strong>his</strong></span> <span class='ocrx_word' id='word_1_47' title='bbox 2706 879 2813 945; x_wconf 88' lang='lat' dir='ltr'><strong>alii</strong></span> <span class='ocrx_word' id='word_1_48' title='bbox 2844 879 3210 962; x_wconf 77' lang='lat' dir='ltr'><strong>abutantur,</strong></span> 
     </span>
     <span class='ocr_line' id='line_1_6' title="bbox 548 986 3294 1073; baseline -0.001 -23"><span class='ocrx_word' id='word_1_49' title='bbox 548 986 655 1051; x_wconf 88' lang='lat' dir='ltr'><strong>alii</strong></span> <span class='ocrx_word' id='word_1_50' title='bbox 701 1007 851 1051; x_wconf 86' lang='lat' dir='ltr'><strong>vero</strong></span> <span class='ocrx_word' id='word_1_51' title='bbox 896 1007 1024 1051; x_wconf 89' lang='lat' dir='ltr'><strong>non</strong></span> <span class='ocrx_word' id='word_1_52' title='bbox 1070 992 1351 1073; x_wconf 87' lang='lat' dir='ltr'><strong>pareant,</strong></span> <span class='ocrx_word' id='word_1_53' title='bbox 1399 986 1550 1073; x_wconf 90' lang='lat' dir='ltr'><strong>quin</strong></span> <span class='ocrx_word' id='word_1_54' title='bbox 1596 987 1807 1072; x_wconf 87' lang='lat' dir='ltr'><strong>potius</strong></span> <span class='ocrx_word' id='word_1_55' title='bbox 1855 988 2103 1073; x_wconf 88' lang='lat' dir='ltr'><strong>utrique</strong></span> <span class='ocrx_word' id='word_1_56' title='bbox 2149 986 2538 1052; x_wconf 82' lang='lat' dir='ltr'><strong>cohercendi.</strong></span> <span class='ocrx_word' id='word_1_57' title='bbox 3260 997 3294 1048; x_wconf 80' lang='lat'>5</span> 
     </span>
    </p>
   </div>
   <div class='ocr_carea' id='block_1_3' title="bbox 544 1199 3298 4274">
    <p class='ocr_par' dir='ltr' id='par_1_3' title="bbox 1292 1199 2462 1287">
     <span class='ocr_line' id='line_1_7' title="bbox 1292 1199 2462 1287; baseline -0.002 -21"><span class='ocrx_word' id='word_1_58' title='bbox 1292 1206 1349 1266; x_wconf 86' lang='lat'><strong>3.</strong></span> <span class='ocrx_word' id='word_1_59' title='bbox 1420 1199 1520 1265; x_wconf 92' lang='lat' dir='ltr'><strong>De</strong></span> <span class='ocrx_word' id='word_1_60' title='bbox 1564 1199 1862 1266; x_wconf 90' lang='lat' dir='ltr'><strong>oneribus</strong></span> <span class='ocrx_word' id='word_1_61' title='bbox 1906 1200 2462 1287; x_wconf 82' lang='lat' dir='ltr'><strong>indulgentiarum.</strong></span> 
     </span>
    </p>

    <p class='ocr_par' dir='ltr' id='par_1_4' title="bbox 544 1306 3298 4274">
     <span class='ocr_line' id='line_1_8' title="bbox 723 1306 3210 1395; baseline 0.001 -25"><span class='ocrx_word' id='word_1_62' title='bbox 723 1306 799 1371; x_wconf 92' lang='lat' dir='ltr'><strong>In</strong></span> <span class='ocrx_word' id='word_1_63' title='bbox 830 1308 1153 1394; x_wconf 84' lang='lat' dir='ltr'><strong>primitiva</strong></span> <span class='ocrx_word' id='word_1_64' title='bbox 1182 1306 1446 1372; x_wconf 87' lang='lat' dir='ltr'><strong>ecclesia</strong></span> <span class='ocrx_word' id='word_1_65' title='bbox 1488 1308 1742 1392; x_wconf 89' lang='lat' dir='ltr'><strong>ignotus</strong></span> <span class='ocrx_word' id='word_1_66' title='bbox 1773 1315 1909 1372; x_wconf 89' lang='lat' dir='ltr'><strong>erat</strong></span> <span class='ocrx_word' id='word_1_67' title='bbox 1950 1307 2480 1393; x_wconf 79' lang='lat' dir='ltr'><strong>indulgentiarum</strong></span> <span class='ocrx_word' id='word_1_68' title='bbox 2522 1330 2691 1390; x_wconf 87' lang='lat' dir='ltr'><strong>usus,</strong></span> <span class='ocrx_word' id='word_1_69' title='bbox 2723 1308 2892 1395; x_wconf 90' lang='lat' dir='ltr'><strong>quod</strong></span> <span class='ocrx_word' id='word_1_70' title='bbox 2924 1307 3210 1373; x_wconf 84' lang='lat' dir='ltr'><strong>homines</strong></span> 
     </span>
     <span class='ocr_line' id='line_1_9' title="bbox 545 1413 3205 1500; baseline 0 -22"><span class='ocrx_word' id='word_1_71' title='bbox 545 1413 948 1499; x_wconf 79' lang='lat' dir='ltr'><strong>perfectiores</strong></span> <span class='ocrx_word' id='word_1_72' title='bbox 993 1436 1067 1479; x_wconf 89' lang='lat' dir='ltr'><strong>eo</strong></span> <span class='ocrx_word' id='word_1_73' title='bbox 1112 1436 1237 1478; x_wconf 89' lang='lat' dir='ltr'><strong>non</strong></span> <span class='ocrx_word' id='word_1_74' title='bbox 1298 1414 1626 1500; x_wconf 85' lang='lat' dir='ltr'><strong>indigeant</strong></span> <span class='ocrx_word' id='word_1_75' title='bbox 1680 1414 1975 1479; x_wconf 89' lang='lat' dir='ltr'><strong>remedio.</strong></span> <span class='ocrx_word' id='word_1_76' title='bbox 2068 1423 2289 1500; x_wconf 88' lang='lat' dir='ltr'><strong>sponte</strong></span> <span class='ocrx_word' id='word_1_77' title='bbox 2350 1414 2517 1479; x_wconf 89' lang='lat' dir='ltr'><strong>enim</strong></span> <span class='ocrx_word' id='word_1_78' title='bbox 2576 1416 2858 1480; x_wconf 85' lang='lat' dir='ltr'><strong>maxima</strong></span> <span class='ocrx_word' id='word_1_79' title='bbox 2902 1437 3048 1480; x_wconf 90' lang='lat' dir='ltr'><strong>cum</strong></span> <span class='ocrx_word' id='word_1_80' title='bbox 3096 1415 3205 1479; x_wconf 89' lang='lat' dir='ltr'><strong>hu-</strong></span> 
     </span>
     <span class='ocr_line' id='line_1_10' title="bbox 547 1518 3205 1608; baseline 0 -23"><span class='ocrx_word' id='word_1_81' title='bbox 547 1518 810 1585; x_wconf 87' lang='lat' dir='ltr'><strong>militate</strong></span> <span class='ocrx_word' id='word_1_82' title='bbox 854 1520 1178 1607; x_wconf 84' lang='lat' dir='ltr'><strong>graviores</strong></span> <span class='ocrx_word' id='word_1_83' title='bbox 1222 1518 1361 1585; x_wconf 89' lang='lat' dir='ltr'><strong>illas</strong></span> <span class='ocrx_word' id='word_1_84' title='bbox 1405 1520 1833 1607; x_wconf 88' lang='lat' dir='ltr'><strong>apostolorum</strong></span> <span class='ocrx_word' id='word_1_85' title='bbox 1881 1523 2281 1608; x_wconf 88' lang='lat' dir='ltr'><strong>antiquorum</strong></span> <span class='ocrx_word' id='word_1_86' title='bbox 2326 1543 2643 1586; x_wconf 87' lang='lat' dir='ltr'><strong>canonum</strong></span> <span class='ocrx_word' id='word_1_87' title='bbox 2688 1519 2989 1585; x_wconf 77' lang='lat' dir='ltr'><strong>subibant</strong></span> <span class='ocrx_word' id='word_1_88' title='bbox 3034 1524 3205 1607; x_wconf 89' lang='lat' dir='ltr'><strong>peni·</strong></span> 
     </span>
     <span class='ocr_line' id='line_1_11' title="bbox 548 1626 3295 1715; baseline -0.001 -24"><span class='ocrx_word' id='word_1_89' title='bbox 548 1629 774 1692; x_wconf 87' lang='lat' dir='ltr'><strong>tentias</strong></span> <span class='ocrx_word' id='word_1_90' title='bbox 819 1626 1162 1715; x_wconf 90' lang='lat' dir='ltr'><strong>culpasque</strong></span> <span class='ocrx_word' id='word_1_91' title='bbox 1209 1628 1471 1714; x_wconf 89' lang='lat' dir='ltr'><strong>jejuniis</strong></span> <span class='ocrx_word' id='word_1_92' title='bbox 1531 1626 1921 1692; x_wconf 89' lang='lat' dir='ltr'><strong>orationibus</strong></span> <span class='ocrx_word' id='word_1_93' title='bbox 1968 1627 2198 1713; x_wconf 87' lang='lat' dir='ltr'><strong>vigiliis</strong></span> <span class='ocrx_word' id='word_1_94' title='bbox 2259 1627 2610 1693; x_wconf 89' lang='lat' dir='ltr'><strong>elemosinis</strong></span> <span class='ocrx_word' id='word_1_95' title='bbox 2667 1627 2930 1715; x_wconf 86' lang='lat' dir='ltr'><strong>aliisque</strong></span> <span class='ocrx_word' id='word_1_96' title='bbox 2975 1630 3210 1692; x_wconf 86' lang='lat' dir='ltr'><strong>sanctis</strong></span> <span class='ocrx_word' id='word_1_97' title='bbox 3235 1637 3295 1690; x_wconf 84' lang='lat'><strong>10</strong></span> 
     </span>
     <span class='ocr_line' id='line_1_12' title="bbox 548 1731 3206 1821; baseline -0 -23"><span class='ocrx_word' id='word_1_98' title='bbox 548 1731 846 1820; x_wconf 82' lang='lat' dir='ltr'><strong>operibus</strong></span> <span class='ocrx_word' id='word_1_99' title='bbox 890 1732 1257 1820; x_wconf 85' lang='lat' dir='ltr'><strong>expiabant.</strong></span> <span class='ocrx_word' id='word_1_100' title='bbox 1332 1741 1400 1799; x_wconf 89' lang='lat' dir='ltr'><strong>at</strong></span> <span class='ocrx_word' id='word_1_101' title='bbox 1444 1734 1820 1819; x_wconf 85' lang='lat' dir='ltr'><strong>frigescente</strong></span> <span class='ocrx_word' id='word_1_102' title='bbox 1854 1734 1994 1821; x_wconf 87' lang='lat' dir='ltr'><strong>jam</strong></span> <span class='ocrx_word' id='word_1_103' title='bbox 2041 1732 2188 1798; x_wconf 91' lang='lat' dir='ltr'><strong>fidei</strong></span> <span class='ocrx_word' id='word_1_104' title='bbox 2220 1741 2281 1798; x_wconf 90' lang='lat' dir='ltr'><strong>et</strong></span> <span class='ocrx_word' id='word_1_105' title='bbox 2311 1735 2594 1798; x_wconf 80' lang='lat' dir='ltr'><strong>caritatis</strong></span> <span class='ocrx_word' id='word_1_106' title='bbox 2623 1733 2849 1798; x_wconf 87' lang='lat' dir='ltr'><strong>ardore</strong></span> <span class='ocrx_word' id='word_1_107' title='bbox 2879 1732 3206 1820; x_wconf 85' lang='lat' dir='ltr'><strong>indulgen·</strong></span> 
     </span>
     <span class='ocr_line' id='line_1_13' title="bbox 547 1839 3210 1928; baseline 0 -25"><span class='ocrx_word' id='word_1_108' title='bbox 547 1841 776 1904; x_wconf 89' lang='lat' dir='ltr'><strong>tiarum</strong></span> <span class='ocrx_word' id='word_1_109' title='bbox 837 1863 1020 1905; x_wconf 91' lang='lat' dir='ltr'><strong>usum</strong></span> <span class='ocrx_word' id='word_1_110' title='bbox 1077 1840 1431 1905; x_wconf 86' lang='lat' dir='ltr'><strong>introduxit</strong></span> <span class='ocrx_word' id='word_1_111' title='bbox 1488 1839 1751 1904; x_wconf 87' lang='lat' dir='ltr'><strong>ecclesia</strong></span> <span class='ocrx_word' id='word_1_112' title='bbox 1806 1849 1879 1904; x_wconf 88' lang='lat' dir='ltr'><strong>ut</strong></span> <span class='ocrx_word' id='word_1_113' title='bbox 1921 1862 2088 1927; x_wconf 86' lang='lat' dir='ltr'><strong>pena</strong></span> <span class='ocrx_word' id='word_1_114' title='bbox 2145 1839 2253 1905; x_wconf 86' lang='lat' dir='ltr'><strong>illa</strong></span> <span class='ocrx_word' id='word_1_115' title='bbox 2309 1839 2694 1927; x_wconf 88' lang='lat' dir='ltr'><strong>temporalis,</strong></span> <span class='ocrx_word' id='word_1_116' title='bbox 2756 1864 2880 1928; x_wconf 91' lang='lat' dir='ltr'><strong>que</strong></span> <span class='ocrx_word' id='word_1_117' title='bbox 2949 1841 3210 1905; x_wconf 81' lang='lat' dir='ltr'><strong>dimissa</strong></span> 
     </span>
     <span class='ocr_line' id='line_1_14' title="bbox 548 1945 3211 2034; baseline 0 -24"><span class='ocrx_word' id='word_1_118' title='bbox 548 1945 736 2033; x_wconf 89' lang='lat' dir='ltr'><strong>culpa</strong></span> <span class='ocrx_word' id='word_1_119' title='bbox 781 1953 1096 2030; x_wconf 87' lang='lat' dir='ltr'><strong>remanet,</strong></span> <span class='ocrx_word' id='word_1_120' title='bbox 1157 1945 1277 2011; x_wconf 89' lang='lat' dir='ltr'><strong>hac</strong></span> <span class='ocrx_word' id='word_1_121' title='bbox 1322 1948 1511 2011; x_wconf 88' lang='lat' dir='ltr'><strong>etiam</strong></span> <span class='ocrx_word' id='word_1_122' title='bbox 1557 1947 1665 2011; x_wconf 88' lang='lat' dir='ltr'><strong>via</strong></span> <span class='ocrx_word' id='word_1_123' title='bbox 1709 1948 2105 2033; x_wconf 81' lang='lat' dir='ltr'><strong>expiaretur,</strong></span> <span class='ocrx_word' id='word_1_124' title='bbox 2167 1946 2676 2034; x_wconf 89' lang='lat' dir='ltr'><strong>quandoquidem</strong></span> <span class='ocrx_word' id='word_1_125' title='bbox 2727 1947 3211 2034; x_wconf 74' lang='lat' dir='ltr'><strong>negligentiores</strong></span> 
     </span>
     <span class='ocr_line' id='line_1_15' title="bbox 549 2052 3208 2141; baseline 0 -24"><span class='ocrx_word' id='word_1_126' title='bbox 549 2055 754 2117; x_wconf 89' lang='lat' dir='ltr'><strong>forent</strong></span> <span class='ocrx_word' id='word_1_127' title='bbox 797 2052 1083 2118; x_wconf 87' lang='lat' dir='ltr'><strong>homines</strong></span> <span class='ocrx_word' id='word_1_128' title='bbox 1128 2053 1210 2117; x_wconf 88' lang='lat' dir='ltr'><strong>ad</strong></span> <span class='ocrx_word' id='word_1_129' title='bbox 1241 2053 1380 2118; x_wconf 87' lang='lat' dir='ltr'><strong>illas</strong></span> <span class='ocrx_word' id='word_1_130' title='bbox 1409 2053 1778 2139; x_wconf 88' lang='lat' dir='ltr'><strong>purgandas</strong></span> <span class='ocrx_word' id='word_1_131' title='bbox 1806 2052 2209 2140; x_wconf 84' lang='lat' dir='ltr'><strong>gravioribus</strong></span> <span class='ocrx_word' id='word_1_132' title='bbox 2238 2054 2550 2136; x_wconf 76' lang='lat' dir='ltr'><strong>remediiS,</strong></span> <span class='ocrx_word' id='word_1_133' title='bbox 2597 2076 2797 2141; x_wconf 91' lang='lat' dir='ltr'><strong>eaque</strong></span> <span class='ocrx_word' id='word_1_134' title='bbox 2828 2056 3208 2119; x_wconf 84' lang='lat' dir='ltr'><strong>auctoritate</strong></span> 
     </span>
     <span class='ocr_line' id='line_1_16' title="bbox 548 2159 3298 2248; baseline -0.001 -23"><span class='ocrx_word' id='word_1_135' title='bbox 548 2183 669 2248; x_wconf 90' lang='lat' dir='ltr'><strong>que</strong></span> <span class='ocrx_word' id='word_1_136' title='bbox 702 2160 892 2225; x_wconf 86' lang='lat' dir='ltr'><strong>Petro</strong></span> <span class='ocrx_word' id='word_1_137' title='bbox 923 2162 1182 2248; x_wconf 86' lang='lat' dir='ltr'><strong>ejusque</strong></span> <span class='ocrx_word' id='word_1_138' title='bbox 1220 2159 1686 2225; x_wconf 87' lang='lat' dir='ltr'><strong>successoribus</strong></span> <span class='ocrx_word' id='word_1_139' title='bbox 1731 2183 1772 2224; x_wconf 95' lang='lat' dir='ltr'><strong>a</strong></span> <span class='ocrx_word' id='word_1_140' title='bbox 1803 2159 2139 2225; x_wconf 83' lang='lat' dir='ltr'><strong>Servatore</strong></span> <span class='ocrx_word' id='word_1_141' title='bbox 2183 2167 2395 2225; x_wconf 87' lang='lat' dir='ltr'><strong>nostro</strong></span> <span class='ocrx_word' id='word_1_142' title='bbox 2441 2165 2615 2244; x_wconf 88' lang='lat' dir='ltr'><strong>(cum</strong></span> <span class='ocrx_word' id='word_1_143' title='bbox 2663 2160 2901 2225; x_wconf 88' lang='lat' dir='ltr'><strong>dictum</strong></span> <span class='ocrx_word' id='word_1_144' title='bbox 2949 2161 3006 2224; x_wconf 87' lang='lat' dir='ltr'><strong>ei</strong></span> <span class='ocrx_word' id='word_1_145' title='bbox 3053 2160 3207 2223; x_wconf 83' lang='lat' dir='ltr'><strong>fuit:</strong></span> <span class='ocrx_word' id='word_1_146' title='bbox 3231 2169 3298 2222; x_wconf 82' lang='lat'><strong>15</strong></span> 
     </span>
     <span class='ocr_line' id='line_1_17' title="bbox 548 2266 3208 2354; baseline -0.001 -22"><span class='ocrx_word' id='word_1_147' title='bbox 548 2266 993 2354; x_wconf 89' lang='lat' dir='ltr'><strong>quodcumque</strong></span> <span class='ocrx_word' id='word_1_148' title='bbox 1022 2266 1319 2353; x_wconf 87' lang='lat' dir='ltr'><strong>ligaveris</strong></span> <span class='ocrx_word' id='word_1_149' title='bbox 1345 2289 1535 2353; x_wconf 91' lang='lat' dir='ltr'><strong>super</strong></span> <span class='ocrx_word' id='word_1_150' title='bbox 1566 2274 1798 2331; x_wconf 87' lang='lat' dir='ltr'><strong>terram</strong></span> <span class='ocrx_word' id='word_1_151' title='bbox 1824 2275 1938 2332; x_wconf 88' lang='lat' dir='ltr'><strong>etc.</strong></span> <span class='ocrx_word' id='word_1_152' title='bbox 1969 2267 2073 2354; x_wconf 73' lang='grc'><strong>2)),</strong></span> <span class='ocrx_word' id='word_1_153' title='bbox 2104 2275 2167 2333; x_wconf 90' lang='lat' dir='ltr'><strong>et</strong></span> <span class='ocrx_word' id='word_1_154' title='bbox 2198 2289 2320 2353; x_wconf 90' lang='lat' dir='ltr'><strong>que</strong></span> <span class='ocrx_word' id='word_1_155' title='bbox 2346 2266 2633 2332; x_wconf 87' lang='lat' dir='ltr'><strong>Christus</strong></span> <span class='ocrx_word' id='word_1_156' title='bbox 2663 2267 2889 2333; x_wconf 86' lang='lat' dir='ltr'><strong>latroni</strong></span> <span class='ocrx_word' id='word_1_157' title='bbox 2918 2267 2984 2330; x_wconf 93' lang='lat' dir='ltr'><strong>in</strong></span> <span class='ocrx_word' id='word_1_158' title='bbox 3015 2288 3208 2330; x_wconf 83' lang='lat' dir='ltr'><strong>cruce</strong></span> 
     </span>
     <span class='ocr_line' id='line_1_18' title="bbox 547 2372 3204 2461; baseline 0 -25"><span class='ocrx_word' id='word_1_159' title='bbox 547 2374 845 2459; x_wconf 84' lang='lat' dir='ltr'><strong>pendenti</strong></span> <span class='ocrx_word' id='word_1_160' title='bbox 878 2372 959 2438; x_wconf 93' lang='lat' dir='ltr'><strong>ob</strong></span> <span class='ocrx_word' id='word_1_161' title='bbox 986 2372 1418 2438; x_wconf 81' lang='lat' dir='ltr'><strong>vehementem</strong></span> <span class='ocrx_word' id='word_1_162' title='bbox 1450 2374 1889 2438; x_wconf 86' lang='lat' dir='ltr'><strong>contritionem</strong></span> <span class='ocrx_word' id='word_1_163' title='bbox 1922 2412 1984 2422; x_wconf 90' lang='lat'><strong>-·-</strong></span> <span class='ocrx_word' id='word_1_164' title='bbox 2033 2396 2177 2437; x_wconf 85' lang='lat' dir='ltr'><strong>cum</strong></span> <span class='ocrx_word' id='word_1_165' title='bbox 2211 2373 2398 2461; x_wconf 90' lang='lat' dir='ltr'><strong>culpa</strong></span> <span class='ocrx_word' id='word_1_166' title='bbox 2420 2374 2680 2438; x_wconf 87' lang='lat' dir='ltr'><strong>dimissa</strong></span> <span class='ocrx_word' id='word_1_167' title='bbox 2709 2376 2898 2438; x_wconf 89' lang='lat' dir='ltr'><strong>etiam</strong></span> <span class='ocrx_word' id='word_1_168' title='bbox 2930 2395 3096 2459; x_wconf 85' lang='lat' dir='ltr'><strong>pena</strong></span> <span class='ocrx_word' id='word_1_169' title='bbox 3121 2411 3204 2420; x_wconf 89' lang='lat'><strong>—</strong></span> 
     </span>
     <span class='ocr_line' id='line_1_19' title="bbox 548 2479 3206 2567; baseline -0.001 -22"><span class='ocrx_word' id='word_1_170' title='bbox 548 2480 837 2567; x_wconf 87' lang='lat' dir='ltr'><strong>policitus</strong></span> <span class='ocrx_word' id='word_1_171' title='bbox 890 2488 986 2544; x_wconf 89' lang='lat' dir='ltr'><strong>est</strong></span> <span class='ocrx_word' id='word_1_172' title='bbox 1043 2480 1212 2567; x_wconf 90' lang='lat' dir='ltr'><strong>quod</strong></span> <span class='ocrx_word' id='word_1_173' title='bbox 1256 2502 1331 2545; x_wconf 86' lang='lat' dir='ltr'><strong>eo</strong></span> <span class='ocrx_word' id='word_1_174' title='bbox 1385 2480 1491 2546; x_wconf 90' lang='lat' dir='ltr'><strong>die</strong></span> <span class='ocrx_word' id='word_1_175' title='bbox 1548 2502 1762 2545; x_wconf 88' lang='lat' dir='ltr'><strong>secum</strong></span> <span class='ocrx_word' id='word_1_176' title='bbox 1817 2480 1979 2545; x_wconf 89' lang='lat' dir='ltr'><strong>foret</strong></span> <span class='ocrx_word' id='word_1_177' title='bbox 2036 2481 2102 2544; x_wconf 92' lang='lat' dir='ltr'><strong>in</strong></span> <span class='ocrx_word' id='word_1_178' title='bbox 2158 2480 2454 2567; x_wconf 84' lang='lat' dir='ltr'><strong>paradiso</strong></span> <span class='ocrx_word' id='word_1_179' title='bbox 2482 2483 2570 2566; x_wconf 70' lang='grc'><strong>3);</strong></span> <span class='ocrx_word' id='word_1_180' title='bbox 2643 2479 3002 2566; x_wconf 89' lang='lat' dir='ltr'><strong>hujusmodi</strong></span> <span class='ocrx_word' id='word_1_181' title='bbox 3059 2501 3206 2544; x_wconf 88' lang='lat' dir='ltr'><strong>con·</strong></span> 
     </span>
     <span class='ocr_line' id='line_1_20' title="bbox 548 2585 3210 2674; baseline -0 -22"><span class='ocrx_word' id='word_1_182' title='bbox 548 2587 865 2653; x_wconf 91' lang='lat' dir='ltr'><strong>donantur</strong></span> <span class='ocrx_word' id='word_1_183' title='bbox 909 2585 1329 2673; x_wconf 88' lang='lat' dir='ltr'><strong>indulgentie,</strong></span> <span class='ocrx_word' id='word_1_184' title='bbox 1390 2587 1624 2652; x_wconf 87' lang='lat' dir='ltr'><strong>virtute</strong></span> <span class='ocrx_word' id='word_1_185' title='bbox 1682 2594 1895 2651; x_wconf 87' lang='lat' dir='ltr'><strong>tamen</strong></span> <span class='ocrx_word' id='word_1_186' title='bbox 1953 2594 2018 2652; x_wconf 89' lang='lat' dir='ltr'><strong>et</strong></span> <span class='ocrx_word' id='word_1_187' title='bbox 2072 2588 2309 2652; x_wconf 90' lang='lat' dir='ltr'><strong>meritis</strong></span> <span class='ocrx_word' id='word_1_188' title='bbox 2376 2588 2684 2674; x_wconf 79' lang='lat' dir='ltr'><strong>passionis</strong></span> <span class='ocrx_word' id='word_1_189' title='bbox 2750 2596 2814 2651; x_wconf 86' lang='lat' dir='ltr'><strong>et</strong></span> <span class='ocrx_word' id='word_1_190' title='bbox 2880 2586 3210 2673; x_wconf 86' lang='lat' dir='ltr'><strong>sanguinis</strong></span> 
     </span>
     <span class='ocr_line' id='line_1_21' title="bbox 548 2693 3298 2781; baseline -0.001 -21"><span class='ocrx_word' id='word_1_191' title='bbox 548 2694 821 2777; x_wconf 85' lang='lat' dir='ltr'><strong>Christi,</strong></span> <span class='ocrx_word' id='word_1_192' title='bbox 882 2696 1022 2780; x_wconf 91' lang='lat' dir='ltr'><strong>qui,</strong></span> <span class='ocrx_word' id='word_1_193' title='bbox 1094 2696 1211 2758; x_wconf 87' lang='lat' dir='ltr'><strong>etsi</strong></span> <span class='ocrx_word' id='word_1_194' title='bbox 1278 2695 1412 2780; x_wconf 89' lang='lat' dir='ltr'><strong>ipse</strong></span> <span class='ocrx_word' id='word_1_195' title='bbox 1482 2716 1669 2759; x_wconf 83' lang='lat' dir='ltr'><strong>verus</strong></span> <span class='ocrx_word' id='word_1_196' title='bbox 1736 2695 1819 2759; x_wconf 89' lang='lat' dir='ltr'><strong>sit</strong></span> <span class='ocrx_word' id='word_1_197' title='bbox 1874 2716 2079 2780; x_wconf 87' lang='lat' dir='ltr'><strong>agnus</strong></span> <span class='ocrx_word' id='word_1_198' title='bbox 2146 2694 2254 2781; x_wconf 91' lang='lat' dir='ltr'><strong>qui</strong></span> <span class='ocrx_word' id='word_1_199' title='bbox 2323 2693 2585 2758; x_wconf 85' lang='lat' dir='ltr'><strong>abstulit</strong></span> <span class='ocrx_word' id='word_1_200' title='bbox 2649 2703 2917 2781; x_wconf 84' lang='lat' dir='ltr'><strong>peccata</strong></span> <span class='ocrx_word' id='word_1_201' title='bbox 2983 2694 3298 2758; x_wconf 56' lang='lat' dir='ltr'><strong>mundiffio</strong></span> 
     </span>
     <span class='ocr_line' id='line_1_22' title="bbox 546 2798 3207 2887; baseline 0 -20"><span class='ocrx_word' id='word_1_202' title='bbox 546 2802 673 2875; x_wconf 87' lang='lat' dir='ltr'><strong>(J0.</strong></span> <span class='ocrx_word' id='word_1_203' title='bbox 732 2801 796 2883; x_wconf 87' lang='lat'><strong>1)</strong></span> <span class='ocrx_word' id='word_1_204' title='bbox 826 2804 878 2885; x_wconf 80' lang='lat'><strong>⁴)</strong></span> <span class='ocrx_word' id='word_1_205' title='bbox 925 2810 987 2865; x_wconf 89' lang='lat' dir='ltr'><strong>et</strong></span> <span class='ocrx_word' id='word_1_206' title='bbox 1032 2807 1316 2866; x_wconf 90' lang='lat' dir='ltr'><strong>mortuus</strong></span> <span class='ocrx_word' id='word_1_207' title='bbox 1361 2802 1441 2865; x_wconf 87' lang='lat' dir='ltr'><strong>sit</strong></span> <span class='ocrx_word' id='word_1_208' title='bbox 1486 2822 1601 2887; x_wconf 89' lang='lat' dir='ltr'><strong>pro</strong></span> <span class='ocrx_word' id='word_1_209' title='bbox 1645 2802 1924 2887; x_wconf 89' lang='lat' dir='ltr'><strong>peccatis</strong></span> <span class='ocrx_word' id='word_1_210' title='bbox 1968 2803 2195 2866; x_wconf 90' lang='lat' dir='ltr'><strong>nostris</strong></span> <span class='ocrx_word' id='word_1_211' title='bbox 2240 2799 2527 2866; x_wconf 89' lang='lat' dir='ltr'><strong>tollendis</strong></span> <span class='ocrx_word' id='word_1_212' title='bbox 2572 2802 2631 2885; x_wconf 91' lang='grc'><strong>(1</strong></span> <span class='ocrx_word' id='word_1_213' title='bbox 2676 2798 2957 2865; x_wconf 85' lang='lat' dir='ltr'><strong>Corinth.</strong></span> <span class='ocrx_word' id='word_1_214' title='bbox 3010 2798 3122 2885; x_wconf 85' lang='lat'><strong>15)</strong></span> <span class='ocrx_word' id='word_1_215' title='bbox 3148 2800 3207 2881; x_wconf 77' lang='lat'><strong>⁶)</strong></span> 
     </span>
     <span class='ocr_line' id='line_1_23' title="bbox 546 2906 3207 2994; baseline -0.001 -21"><span class='ocrx_word' id='word_1_216' title='bbox 546 2917 609 2973; x_wconf 87' lang='lat' dir='ltr'><strong>et</strong></span> <span class='ocrx_word' id='word_1_217' title='bbox 654 2909 1021 2972; x_wconf 87' lang='lat' dir='ltr'><strong>satisfecerit</strong></span> <span class='ocrx_word' id='word_1_218' title='bbox 1065 2928 1181 2994; x_wconf 94' lang='lat' dir='ltr'><strong>pro</strong></span> <span class='ocrx_word' id='word_1_219' title='bbox 1227 2908 1418 2972; x_wconf 88' lang='lat' dir='ltr'><strong>totius</strong></span> <span class='ocrx_word' id='word_1_220' title='bbox 1461 2906 1684 2972; x_wconf 89' lang='lat' dir='ltr'><strong>mundi</strong></span> <span class='ocrx_word' id='word_1_221' title='bbox 1729 2908 2008 2993; x_wconf 87' lang='lat' dir='ltr'><strong>peccatis</strong></span> <span class='ocrx_word' id='word_1_222' title='bbox 2052 2906 2319 2971; x_wconf 83' lang='lat' dir='ltr'><strong>delendo</strong></span> <span class='ocrx_word' id='word_1_223' title='bbox 2363 2916 2692 2994; x_wconf 86' lang='lat' dir='ltr'><strong>peccatum</strong></span> <span class='ocrx_word' id='word_1_224' title='bbox 2732 2928 2814 2972; x_wconf 85' lang='lat' dir='ltr'><strong>ex</strong></span> <span class='ocrx_word' id='word_1_225' title='bbox 2845 2908 3207 2993; x_wconf 81' lang='lat' dir='ltr'><strong>prevarica-</strong></span> 
     </span>
     <span class='ocr_line' id='line_1_24' title="bbox 545 3014 3208 3100; baseline -0.002 -20"><span class='ocrx_word' id='word_1_226' title='bbox 545 3016 714 3080; x_wconf 84' lang='lat' dir='ltr'><strong>tione</strong></span> <span class='ocrx_word' id='word_1_227' title='bbox 761 3016 947 3100; x_wconf 89' lang='lat' dir='ltr'><strong>primi</strong></span> <span class='ocrx_word' id='word_1_228' title='bbox 993 3015 1272 3100; x_wconf 88' lang='lat' dir='ltr'><strong>parentis</strong></span> <span class='ocrx_word' id='word_1_229' title='bbox 1303 3015 1367 3078; x_wconf 91' lang='lat' dir='ltr'><strong>in</strong></span> <span class='ocrx_word' id='word_1_230' title='bbox 1400 3020 1684 3100; x_wconf 90' lang='lat' dir='ltr'><strong>posteros</strong></span> <span class='ocrx_word' id='word_1_231' title='bbox 1716 3014 2101 3098; x_wconf 86' lang='lat' dir='ltr'><strong>traductum,</strong></span> <span class='ocrx_word' id='word_1_232' title='bbox 2149 3023 2214 3078; x_wconf 90' lang='lat' dir='ltr'><strong>et</strong></span> <span class='ocrx_word' id='word_1_233' title='bbox 2242 3036 2469 3099; x_wconf 89' lang='lat' dir='ltr'><strong>penam</strong></span> <span class='ocrx_word' id='word_1_234' title='bbox 2517 3023 2796 3079; x_wconf 85' lang='lat' dir='ltr'><strong>eternam</strong></span> <span class='ocrx_word' id='word_1_235' title='bbox 2828 3035 2945 3099; x_wconf 92' lang='lat' dir='ltr'><strong>pro</strong></span> <span class='ocrx_word' id='word_1_236' title='bbox 2975 3014 3208 3077; x_wconf 84' lang='lat' dir='ltr'><strong>nostris</strong></span> 
     </span>
     <span class='ocr_line' id='line_1_25' title="bbox 546 3118 3204 3208; baseline -0.001 -23"><span class='ocrx_word' id='word_1_237' title='bbox 546 3119 1040 3208; x_wconf 88' lang='lat' dir='ltr'><strong>particularibus</strong></span> <span class='ocrx_word' id='word_1_238' title='bbox 1085 3122 1360 3206; x_wconf 88' lang='lat' dir='ltr'><strong>peccatis</strong></span> <span class='ocrx_word' id='word_1_239' title='bbox 1407 3118 1687 3184; x_wconf 85' lang='lat' dir='ltr'><strong>debitam</strong></span> <span class='ocrx_word' id='word_1_240' title='bbox 1733 3142 1848 3206; x_wconf 88' lang='lat' dir='ltr'><strong>per</strong></span> <span class='ocrx_word' id='word_1_241' title='bbox 1893 3119 2334 3206; x_wconf 88' lang='lat' dir='ltr'><strong>aplicationem</strong></span> <span class='ocrx_word' id='word_1_242' title='bbox 2384 3120 2590 3183; x_wconf 89' lang='lat' dir='ltr'><strong>meriti</strong></span> <span class='ocrx_word' id='word_1_243' title='bbox 2627 3142 2738 3184; x_wconf 90' lang='lat' dir='ltr'><strong>sue</strong></span> <span class='ocrx_word' id='word_1_244' title='bbox 2769 3120 3079 3207; x_wconf 84' lang='lat' dir='ltr'><strong>passionis</strong></span> <span class='ocrx_word' id='word_1_245' title='bbox 3120 3120 3204 3183; x_wconf 88' lang='lat' dir='ltr'><strong>ad</strong></span> 
     </span>
     <span class='ocr_line' id='line_1_26' title="bbox 545 3224 3295 3313; baseline -0.002 -20"><span class='ocrx_word' id='word_1_246' title='bbox 545 3252 659 3294; x_wconf 91' lang='lat' dir='ltr'><strong>nos</strong></span> <span class='ocrx_word' id='word_1_247' title='bbox 717 3229 949 3294; x_wconf 83' lang='lat' dir='ltr'><strong>virtute</strong></span> <span class='ocrx_word' id='word_1_248' title='bbox 1008 3227 1385 3292; x_wconf 88' lang='lat' dir='ltr'><strong>sacramenti</strong></span> <span class='ocrx_word' id='word_1_249' title='bbox 1450 3228 1787 3313; x_wconf 87' lang='lat' dir='ltr'><strong>penitentie</strong></span> <span class='ocrx_word' id='word_1_250' title='bbox 1858 3226 2239 3291; x_wconf 90' lang='lat' dir='ltr'><strong>comutando</strong></span> <span class='ocrx_word' id='word_1_251' title='bbox 2312 3226 2379 3291; x_wconf 91' lang='lat' dir='ltr'><strong>in</strong></span> <span class='ocrx_word' id='word_1_252' title='bbox 2440 3225 2885 3313; x_wconf 86' lang='lat' dir='ltr'><strong>temporalem:</strong></span> <span class='ocrx_word' id='word_1_253' title='bbox 2955 3224 3206 3291; x_wconf 88' lang='lat' dir='ltr'><strong>sublato</strong></span> <span class='ocrx_word' id='word_1_254' title='bbox 3227 3234 3295 3287; x_wconf 57' lang='grc' dir='ltr'><strong>ἴ)</strong></span> 
     </span>
     <span class='ocr_line' id='line_1_27' title="bbox 544 3332 3204 3422; baseline -0.001 -23"><span class='ocrx_word' id='word_1_255' title='bbox 544 3334 728 3422; x_wconf 84' lang='lat' dir='ltr'><strong>culpe</strong></span> <span class='ocrx_word' id='word_1_256' title='bbox 787 3342 965 3399; x_wconf 88' lang='lat' dir='ltr'><strong>reatu</strong></span> <span class='ocrx_word' id='word_1_257' title='bbox 1011 3356 1135 3398; x_wconf 90' lang='lat' dir='ltr'><strong>non</strong></span> <span class='ocrx_word' id='word_1_258' title='bbox 1198 3341 1408 3397; x_wconf 90' lang='lat' dir='ltr'><strong>tamen</strong></span> <span class='ocrx_word' id='word_1_259' title='bbox 1454 3335 1544 3397; x_wconf 89' lang='lat' dir='ltr'><strong>ita</strong></span> <span class='ocrx_word' id='word_1_260' title='bbox 1590 3332 1790 3398; x_wconf 85' lang='lat' dir='ltr'><strong>voluit</strong></span> <span class='ocrx_word' id='word_1_261' title='bbox 1834 3332 2203 3397; x_wconf 87' lang='lat' dir='ltr'><strong>satisfecisse</strong></span> <span class='ocrx_word' id='word_1_262' title='bbox 2263 3333 2431 3420; x_wconf 92' lang='lat' dir='ltr'><strong>quod</strong></span> <span class='ocrx_word' id='word_1_263' title='bbox 2491 3341 2686 3397; x_wconf 85' lang='lat' dir='ltr'><strong>totam</strong></span> <span class='ocrx_word' id='word_1_264' title='bbox 2742 3332 2916 3397; x_wconf 91' lang='lat' dir='ltr'><strong>illam</strong></span> <span class='ocrx_word' id='word_1_265' title='bbox 2971 3354 3204 3420; x_wconf 86' lang='lat' dir='ltr'><strong>penam</strong></span> 
     </span>
     <span class='ocr_line' id='line_1_28' title="bbox 546 3438 3209 3529; baseline -0 -24"><span class='ocrx_word' id='word_1_266' title='bbox 546 3441 972 3529; x_wconf 87' lang='lat' dir='ltr'><strong>temporalem,</strong></span> <span class='ocrx_word' id='word_1_267' title='bbox 1019 3441 1082 3505; x_wconf 89' lang='lat' dir='ltr'><strong>in</strong></span> <span class='ocrx_word' id='word_1_268' title='bbox 1130 3463 1322 3527; x_wconf 88' lang='lat' dir='ltr'><strong>quarn</strong></span> <span class='ocrx_word' id='word_1_269' title='bbox 1372 3448 1695 3505; x_wconf 88' lang='lat' dir='ltr'><strong>comutata</strong></span> <span class='ocrx_word' id='word_1_270' title='bbox 1739 3447 1834 3504; x_wconf 88' lang='lat' dir='ltr'><strong>est</strong></span> <span class='ocrx_word' id='word_1_271' title='bbox 1878 3449 2114 3523; x_wconf 85' lang='lat' dir='ltr'><strong>eterna,</strong></span> <span class='ocrx_word' id='word_1_272' title='bbox 2162 3438 2508 3523; x_wconf 88' lang='lat' dir='ltr'><strong>sustulerit,</strong></span> <span class='ocrx_word' id='word_1_273' title='bbox 2568 3447 2641 3504; x_wconf 89' lang='lat' dir='ltr'><strong>ut</strong></span> <span class='ocrx_word' id='word_1_274' title='bbox 2682 3438 2792 3503; x_wconf 88' lang='lat' dir='ltr'><strong>illa</strong></span> <span class='ocrx_word' id='word_1_275' title='bbox 2839 3442 2920 3504; x_wconf 86' lang='lat' dir='ltr'><strong>sit</strong></span> <span class='ocrx_word' id='word_1_276' title='bbox 2963 3438 3209 3526; x_wconf 82' lang='lat' dir='ltr'><strong>reliqua</strong></span> 
     </span>
     <span class='ocr_line' id='line_1_29' title="bbox 546 3545 3211 3636; baseline -0.001 -23"><span class='ocrx_word' id='word_1_277' title='bbox 546 3570 708 3636; x_wconf 89' lang='lat' dir='ltr'><strong>pena</strong></span> <span class='ocrx_word' id='word_1_278' title='bbox 754 3547 969 3612; x_wconf 88' lang='lat' dir='ltr'><strong>debita</strong></span> <span class='ocrx_word' id='word_1_279' title='bbox 1015 3556 1127 3611; x_wconf 89' lang='lat' dir='ltr'><strong>aut</strong></span> <span class='ocrx_word' id='word_1_280' title='bbox 1173 3545 1605 3633; x_wconf 88' lang='lat' dir='ltr'><strong>persolvenda,</strong></span> <span class='ocrx_word' id='word_1_281' title='bbox 1652 3548 1949 3634; x_wconf 89' lang='lat' dir='ltr'><strong>quoniam</strong></span> <span class='ocrx_word' id='word_1_282' title='bbox 1982 3547 2149 3611; x_wconf 91' lang='lat' dir='ltr'><strong>istud</strong></span> <span class='ocrx_word' id='word_1_283' title='bbox 2187 3546 2310 3632; x_wconf 88' lang='lat' dir='ltr'><strong>legi</strong></span> <span class='ocrx_word' id='word_1_284' title='bbox 2341 3555 2403 3611; x_wconf 88' lang='lat' dir='ltr'><strong>et</strong></span> <span class='ocrx_word' id='word_1_285' title='bbox 2422 3547 2678 3633; x_wconf 89' lang='lat' dir='ltr'><strong>justicie</strong></span> <span class='ocrx_word' id='word_1_286' title='bbox 2707 3568 2837 3610; x_wconf 87' lang='lat' dir='ltr'><strong>non</strong></span> <span class='ocrx_word' id='word_1_287' title='bbox 2867 3545 3211 3632; x_wconf 89' lang='lat' dir='ltr'><strong>respondet</strong></span> 
     </span>
     <span class='ocr_line' id='line_1_30' title="bbox 546 3651 3206 3742; baseline -0 -24"><span class='ocrx_word' id='word_1_288' title='bbox 546 3663 616 3719; x_wconf 89' lang='lat' dir='ltr'><strong>ut</strong></span> <span class='ocrx_word' id='word_1_289' title='bbox 660 3657 768 3742; x_wconf 91' lang='lat' dir='ltr'><strong>qui</strong></span> <span class='ocrx_word' id='word_1_290' title='bbox 814 3676 928 3742; x_wconf 90' lang='lat' dir='ltr'><strong>per</strong></span> <span class='ocrx_word' id='word_1_291' title='bbox 974 3675 1042 3719; x_wconf 89' lang='lat' dir='ltr'><strong>se</strong></span> <span class='ocrx_word' id='word_1_292' title='bbox 1086 3656 1293 3740; x_wconf 89' lang='lat' dir='ltr'><strong>ipsum</strong></span> <span class='ocrx_word' id='word_1_293' title='bbox 1340 3652 1528 3718; x_wconf 90' lang='lat' dir='ltr'><strong>alicui</strong></span> <span class='ocrx_word' id='word_1_294' title='bbox 1577 3674 1809 3738; x_wconf 87' lang='lat' dir='ltr'><strong>magne</strong></span> <span class='ocrx_word' id='word_1_295' title='bbox 1854 3655 2247 3717; x_wconf 87' lang='lat' dir='ltr'><strong>auctoritatis</strong></span> <span class='ocrx_word' id='word_1_296' title='bbox 2291 3653 2548 3717; x_wconf 89' lang='lat' dir='ltr'><strong>domino</strong></span> <span class='ocrx_word' id='word_1_297' title='bbox 2577 3653 2873 3739; x_wconf 86' lang='lat' dir='ltr'><strong>injuriam</strong></span> <span class='ocrx_word' id='word_1_298' title='bbox 2905 3651 3206 3733; x_wconf 85' lang='lat' dir='ltr'><strong>intulerit,</strong></span> 
     </span>
     <span class='ocr_line' id='line_1_31' title="bbox 544 3758 3298 3849; baseline -0.001 -23"><span class='ocrx_word' id='word_1_299' title='bbox 544 3785 657 3849; x_wconf 89' lang='lat' dir='ltr'><strong>per</strong></span> <span class='ocrx_word' id='word_1_300' title='bbox 720 3785 785 3826; x_wconf 90' lang='lat' dir='ltr'><strong>se</strong></span> <span class='ocrx_word' id='word_1_301' title='bbox 839 3763 1044 3848; x_wconf 91' lang='lat' dir='ltr'><strong>ipsum</strong></span> <span class='ocrx_word' id='word_1_302' title='bbox 1098 3758 1336 3824; x_wconf 87' lang='lat' dir='ltr'><strong>nullam</strong></span> <span class='ocrx_word' id='word_1_303' title='bbox 1398 3758 1693 3824; x_wconf 84' lang='lat' dir='ltr'><strong>exhibeat</strong></span> <span class='ocrx_word' id='word_1_304' title='bbox 1738 3758 2243 3823; x_wconf 84' lang='lat' dir='ltr'><strong>emendationem</strong></span> <span class='ocrx_word' id='word_1_305' title='bbox 2291 3781 2405 3823; x_wconf 88' lang='lat' dir='ltr'><strong>nec</strong></span> <span class='ocrx_word' id='word_1_306' title='bbox 2452 3758 2974 3842; x_wconf 86' lang='lat' dir='ltr'><strong>satisfactionem,</strong></span> <span class='ocrx_word' id='word_1_307' title='bbox 3034 3758 3204 3848; x_wconf 92' lang='lat' dir='ltr'><strong>quod</strong></span> <span class='ocrx_word' id='word_1_308' title='bbox 3225 3768 3298 3822; x_wconf 76' lang='lat'><strong>30</strong></span> 
     </span>
     <span class='ocr_line' id='line_1_32' title="bbox 544 3864 3205 3955; baseline -0.001 -21"><span class='ocrx_word' id='word_1_309' title='bbox 544 3869 734 3934; x_wconf 88' lang='lat' dir='ltr'><strong>etiam</strong></span> <span class='ocrx_word' id='word_1_310' title='bbox 767 3870 1043 3933; x_wconf 90' lang='lat' dir='ltr'><strong>occiosos</strong></span> <span class='ocrx_word' id='word_1_311' title='bbox 1074 3865 1367 3932; x_wconf 88' lang='lat' dir='ltr'><strong>redderet</strong></span> <span class='ocrx_word' id='word_1_312' title='bbox 1395 3865 1677 3931; x_wconf 87' lang='lat' dir='ltr'><strong>homines</strong></span> <span class='ocrx_word' id='word_1_313' title='bbox 1708 3874 1774 3931; x_wconf 90' lang='lat' dir='ltr'><strong>et</strong></span> <span class='ocrx_word' id='word_1_314' title='bbox 1801 3865 1886 3930; x_wconf 86' lang='lat' dir='ltr'><strong>ad</strong></span> <span class='ocrx_word' id='word_1_315' title='bbox 1930 3864 2166 3930; x_wconf 88' lang='lat' dir='ltr'><strong>malum</strong></span> <span class='ocrx_word' id='word_1_316' title='bbox 2212 3865 2638 3952; x_wconf 86' lang='lat' dir='ltr'><strong>procliviores,</strong></span> <span class='ocrx_word' id='word_1_317' title='bbox 2688 3864 3205 3955; x_wconf 87' lang='lat' dir='ltr'><strong>quandoquidem</strong></span> 
     </span>
     <span class='ocr_line' id='line_1_33' title="bbox 544 3970 3206 4060; baseline -0.002 -20"><span class='ocrx_word' id='word_1_318' title='bbox 544 3998 913 4058; x_wconf 88' lang='lat' dir='ltr'><strong>persuasum</strong></span> <span class='ocrx_word' id='word_1_319' title='bbox 947 3973 1254 4039; x_wconf 87' lang='lat' dir='ltr'><strong>haberent</strong></span> <span class='ocrx_word' id='word_1_320' title='bbox 1282 3973 1519 4038; x_wconf 89' lang='lat' dir='ltr'><strong>nullam</strong></span> <span class='ocrx_word' id='word_1_321' title='bbox 1542 3974 1796 4060; x_wconf 89' lang='lat' dir='ltr'><strong>penitus</strong></span> <span class='ocrx_word' id='word_1_322' title='bbox 1827 3995 1943 4060; x_wconf 90' lang='lat' dir='ltr'><strong>pro</strong></span> <span class='ocrx_word' id='word_1_323' title='bbox 1974 3974 2104 4038; x_wconf 87' lang='lat' dir='ltr'><strong>suis</strong></span> <span class='ocrx_word' id='word_1_324' title='bbox 2128 3973 2407 4060; x_wconf 87' lang='lat' dir='ltr'><strong>peccatis</strong></span> <span class='ocrx_word' id='word_1_325' title='bbox 2437 3970 2656 4037; x_wconf 89' lang='lat' dir='ltr'><strong>deberi</strong></span> <span class='ocrx_word' id='word_1_326' title='bbox 2696 3972 3206 4037; x_wconf 82' lang='lat' dir='ltr'><strong>satisfactionem.</strong></span> 
     </span>
     <span class='ocr_line' id='line_1_34' title="bbox 544 4076 3208 4170; baseline -0.002 -23"><span class='ocrx_word' id='word_1_327' title='bbox 544 4105 667 4170; x_wconf 91' lang='lat' dir='ltr'><strong>que</strong></span> <span class='ocrx_word' id='word_1_328' title='bbox 738 4080 991 4170; x_wconf 90' lang='lat' dir='ltr'><strong>quidem</strong></span> <span class='ocrx_word' id='word_1_329' title='bbox 1062 4081 1355 4168; x_wconf 87' lang='lat' dir='ltr'><strong>reliquie,</strong></span> <span class='ocrx_word' id='word_1_330' title='bbox 1430 4088 1503 4145; x_wconf 89' lang='lat' dir='ltr'><strong>ut</strong></span> <span class='ocrx_word' id='word_1_331' title='bbox 1559 4081 1689 4144; x_wconf 84' lang='lat' dir='ltr'><strong>vite</strong></span> <span class='ocrx_word' id='word_1_332' title='bbox 1762 4081 2127 4144; x_wconf 85' lang='lat' dir='ltr'><strong>austeritate</strong></span> <span class='ocrx_word' id='word_1_333' title='bbox 2184 4076 2534 4142; x_wconf 85' lang='lat' dir='ltr'><strong>humilitate</strong></span> <span class='ocrx_word' id='word_1_334' title='bbox 2590 4078 2857 4165; x_wconf 88' lang='lat' dir='ltr'><strong>jejuniis</strong></span> <span class='ocrx_word' id='word_1_335' title='bbox 2924 4080 3208 4145; x_wconf 87' lang='lat' dir='ltr'><strong>oratione</strong></span> 
     </span>
     <span class='ocr_line' id='line_1_35' title="bbox 544 4182 3207 4274; baseline -0.001 -21"><span class='ocrx_word' id='word_1_336' title='bbox 544 4188 896 4253; x_wconf 89' lang='lat' dir='ltr'><strong>elemosinis</strong></span> <span class='ocrx_word' id='word_1_337' title='bbox 942 4188 1189 4253; x_wconf 87' lang='lat' dir='ltr'><strong>ardenti</strong></span> <span class='ocrx_word' id='word_1_338' title='bbox 1234 4189 1301 4252; x_wconf 92' lang='lat' dir='ltr'><strong>in</strong></span> <span class='ocrx_word' id='word_1_339' title='bbox 1346 4186 1710 4274; x_wconf 87' lang='lat' dir='ltr'><strong>proximum</strong></span> <span class='ocrx_word' id='word_1_340' title='bbox 1742 4187 2007 4252; x_wconf 85' lang='lat' dir='ltr'><strong>caritate</strong></span> <span class='ocrx_word' id='word_1_341' title='bbox 2036 4194 2101 4252; x_wconf 89' lang='lat' dir='ltr'><strong>et</strong></span> <span class='ocrx_word' id='word_1_342' title='bbox 2131 4185 2271 4250; x_wconf 90' lang='lat' dir='ltr'><strong>aliis</strong></span> <span class='ocrx_word' id='word_1_343' title='bbox 2301 4182 2483 4248; x_wconf 91' lang='lat' dir='ltr'><strong>bonis</strong></span> <span class='ocrx_word' id='word_1_344' title='bbox 2514 4183 2815 4271; x_wconf 90' lang='lat' dir='ltr'><strong>operibus</strong></span> <span class='ocrx_word' id='word_1_345' title='bbox 2843 4186 3207 4272; x_wconf 85' lang='lat' dir='ltr'><strong>expiantur,</strong></span> 
     </span>
    </p>
   </div>
   <div class='ocr_carea' id='block_1_4' title="bbox 686 4379 3289 4806">
    <p class='ocr_par' dir='ltr' id='par_1_5' title="bbox 687 4379 3289 4541">
     <span class='ocr_line' id='line_1_36' title="bbox 691 4379 3289 4451; baseline -0.002 -14"><span class='ocrx_word' id='word_1_346' title='bbox 691 4383 730 4451; x_wconf 90' lang='lat'><strong>¹)</strong></span> <span class='ocrx_word' id='word_1_347' title='bbox 766 4383 938 4439; x_wconf 74' lang='lat' dir='ltr'><strong>IGor.</strong></span> <span class='ocrx_word' id='word_1_348' title='bbox 981 4387 1016 4438; x_wconf 80' lang='lat'><em>7</em></span> <span class='ocrx_word' id='word_1_349' title='bbox 1048 4401 1096 4437; x_wconf 88' lang='lat' dir='ltr'><strong>v.</strong></span> <span class='ocrx_word' id='word_1_350' title='bbox 1136 4388 1186 4438; x_wconf 89' lang='lat'><strong>9.</strong></span> <span class='ocrx_word' id='word_1_351' title='bbox 3221 4379 3289 4433; x_wconf 75' lang='lat'><strong>35</strong></span> 
     </span>
     <span class='ocr_line' id='line_1_37' title="bbox 687 4472 1400 4541; baseline -0.004 -13"><span class='ocrx_word' id='word_1_352' title='bbox 687 4472 729 4541; x_wconf 81' lang='lat'><strong>&#39;)</strong></span> <span class='ocrx_word' id='word_1_353' title='bbox 765 4473 869 4528; x_wconf 85' lang='lat' dir='ltr'><strong>Ev.</strong></span> <span class='ocrx_word' id='word_1_354' title='bbox 906 4472 1089 4527; x_wconf 76' lang='lat' dir='ltr'><strong>Math.</strong></span> <span class='ocrx_word' id='word_1_355' title='bbox 1129 4474 1200 4527; x_wconf 80' lang='lat'><strong>16</strong></span> <span class='ocrx_word' id='word_1_356' title='bbox 1234 4490 1281 4528; x_wconf 86' lang='grc' dir='ltr'><strong>υ.</strong></span> <span class='ocrx_word' id='word_1_357' title='bbox 1319 4476 1400 4526; x_wconf 86' lang='grc'><strong>19.</strong></span> 
     </span>
    </p>

    <p class='ocr_par' dir='ltr' id='par_1_6' title="bbox 686 4560 1373 4628">
     <span class='ocr_line' id='line_1_38' title="bbox 686 4560 1373 4628; baseline -0.001 -12"><span class='ocrx_word' id='word_1_358' title='bbox 686 4561 728 4628; x_wconf 82' lang='lat'><strong>⁸)</strong></span> <span class='ocrx_word' id='word_1_359' title='bbox 768 4561 873 4616; x_wconf 86' lang='lat' dir='ltr'><strong>Ev.</strong></span> <span class='ocrx_word' id='word_1_360' title='bbox 912 4560 1050 4615; x_wconf 77' lang='lat' dir='ltr'><strong>Luc.</strong></span> <span class='ocrx_word' id='word_1_361' title='bbox 1088 4564 1167 4617; x_wconf 76' lang='lat'><strong>23</strong></span> <span class='ocrx_word' id='word_1_362' title='bbox 1200 4578 1249 4616; x_wconf 82' lang='lat' dir='ltr'><strong>v.</strong></span> <span class='ocrx_word' id='word_1_363' title='bbox 1289 4564 1373 4616; x_wconf 70' lang='lat'><strong>43.</strong></span> 
     </span>
    </p>

    <p class='ocr_par' dir='ltr' id='par_1_7' title="bbox 686 4650 1314 4719">
     <span class='ocr_line' id='line_1_39' title="bbox 686 4650 1314 4719; baseline -0.003 -14"><span class='ocrx_word' id='word_1_364' title='bbox 686 4651 730 4719; x_wconf 82' lang='lat'><strong>⁴)</strong></span> <span class='ocrx_word' id='word_1_365' title='bbox 766 4651 872 4705; x_wconf 83' lang='grc' dir='ltr'><strong>Ευ.</strong></span> <span class='ocrx_word' id='word_1_366' title='bbox 910 4650 1032 4705; x_wconf 74' lang='lat' dir='ltr'><strong>Joh.</strong></span> <span class='ocrx_word' id='word_1_367' title='bbox 1071 4654 1102 4703; x_wconf 87' lang='lat'><strong><em>1</em></strong></span> <span class='ocrx_word' id='word_1_368' title='bbox 1139 4666 1187 4705; x_wconf 84' lang='lat' dir='ltr'><strong>v.</strong></span> <span class='ocrx_word' id='word_1_369' title='bbox 1225 4653 1314 4704; x_wconf 84' lang='lat'><strong>29.</strong></span> 
     </span>
    </p>

    <p class='ocr_par' dir='ltr' id='par_1_8' title="bbox 687 4737 1231 4806">
     <span class='ocr_line' id='line_1_40' title="bbox 687 4737 1231 4806; baseline 0 -14"><span class='ocrx_word' id='word_1_370' title='bbox 687 4738 732 4806; x_wconf 80' lang='lat'><strong>⁶)</strong></span> <span class='ocrx_word' id='word_1_371' title='bbox 772 4743 805 4792; x_wconf 90' lang='lat'><strong><em>1</em></strong></span> <span class='ocrx_word' id='word_1_372' title='bbox 825 4737 946 4793; x_wconf 78' lang='lat' dir='ltr'><strong>Cor.</strong></span> <span class='ocrx_word' id='word_1_373' title='bbox 986 4740 1056 4792; x_wconf 85' lang='lat'><strong>15</strong></span> <span class='ocrx_word' id='word_1_374' title='bbox 1091 4755 1141 4792; x_wconf 82' lang='lat' dir='ltr'><strong>v.</strong></span> <span class='ocrx_word' id='word_1_375' title='bbox 1178 4742 1231 4794; x_wconf 88' lang='grc'><strong>3.</strong></span> 
     </span>
    </p>
   </div>
  </div>
 </body>
</html>
