3500 5300
1438 353 1538 410 No.
1578 360 1608 412 1
1624 355 1675 411 *2
1714 358 1871 413 1536.
2882 354 2994 422 35⁹

327 547 665 613 mundanis
724 571 847 635 que
904 549 1256 636 possident,
1317 559 1390 616 ut
1447 558 1658 617 tamen
1716 561 1924 618 mente
1985 553 2250 619 tendant
2306 555 2387 620 ad
2458 565 2705 639 eterna,
2777 556 2991 623 subdit
3044 563 3183 612 1536

329 664 539 720 tamen
586 655 755 742 quod
802 678 877 720 ea
922 654 1276 743 relinquere
1322 666 1418 721 est
1460 665 1711 722 tantum
1754 659 2194 746 perfectorum.

504 761 641 827 Hec
673 783 755 825 ex
790 762 1000 832 multis
1031 764 1183 828 satis
1214 764 1347 829 fore
1377 766 1670 831 existimo
1702 766 1785 830 ad
1831 766 2242 833 retrahendos
2273 770 2442 855 ipsos
2489 769 2571 834 ab
2608 769 2713 835 illo
2760 793 2988 853 errore,

326 869 379 933 si
423 868 611 933 modo
657 870 722 933 in
769 868 924 933 illud
969 869 1250 957 prolapsi
1295 871 1536 954 forent3
1597 874 1706 958 qui
1752 895 1879 938 non
1926 895 2142 938 eorum
2203 883 2448 940 tantum
2506 885 2602 941 est
2662 877 2770 963 qui
2829 884 2992 942 etate

269 985 304 1038 5
325 981 541 1039 nostra
584 997 754 1040 nova
811 975 1112 1062 dogmata
1171 977 1619 1063 divulgarunt,
1689 979 1799 1044 sed
1868 979 1952 1045 ab
2021 981 2282 1045 exordio
2352 985 2668 1047 nascentis
2735 983 2993 1049 ecclesie

322 1089 634 1145 exortum.
726 1083 805 1147 de
850 1105 975 1170 quo
1022 1082 1294 1149 habetur
1337 1086 1405 1148 in
1450 1085 1713 1172 epistola
1777 1088 1959 1151 tertia
2019 1090 2358 1170 canonica,
2420 1088 2570 1154 dum
2633 1090 2787 1155 dicit
2843 1112 2990 1177 apo-

323 1185 518 1252 stolus
563 1187 845 1254 Joannes
877 1191 960 1277 ¹):
1008 1191 1394 1277 scripsissem
1440 1192 1703 1257 forsitan
1751 1191 2046 1276 ecclesie3
2109 1193 2217 1258 sed
2264 1195 2317 1259 is
2372 1196 2481 1282 qui
2540 1205 2716 1260 amat
2758 1199 2989 1282 prima-

322 1302 457 1359 tum
504 1316 723 1381 gerere
769 1295 835 1359 in
881 1296 988 1378 eis,
1036 1295 1435 1385 Diotrephes,
1485 1321 1611 1363 non
1660 1301 1883 1385 recipit
1928 1323 2058 1364 nos.
2149 1315 2406 1388 propter
2452 1302 2589 1385 hoc,
2639 1305 2691 1367 si
2736 1325 2988 1387 venem,

324 1400 670 1467 comonebo
717 1403 853 1489 ejus
898 1424 1108 1490 opera,
1157 1427 1277 1490 que
1326 1406 1478 1470 facit
1524 1405 1735 1470 verbis
1781 1406 2078 1493 malignis
2107 1408 2362 1493 gariens
2407 1410 2474 1472 in
2520 1431 2654 1494 nos,
2701 1420 2762 1475 et
2807 1412 3018 1497 quasi·

233 1521 303 1575 10
324 1530 450 1573 non
496 1509 555 1573 ei
598 1509 720 1574 ista
764 1509 1083 1574 sufficiant
1128 1533 1331 1598 neque
1392 1513 1524 1598 ipse
1572 1514 1835 1599 suscipit
1890 1513 2116 1578 fratres
2175 1513 2371 1600 (quod
2431 1513 2641 1600 glossa
2695 1518 2987 1603 exponit:

320 1615 675 1701 indigentes
719 1614 985 1702 scilicet)
1043 1627 1105 1681 et
1152 1640 1257 1682 eos
1303 1620 1411 1706 qui
1459 1621 1814 1705 suscipiunt
1858 1619 2151 1706 prohibet
2208 1628 2272 1685 et
2332 1619 2411 1685 de
2470 1621 2736 1686 ecclesia
2793 1623 2984 1710 ejicit.

320 1730 383 1787 et
424 1729 569 1808 post
626 1745 772 1788 eum
818 1722 1233 1809 Vigilantius,
1295 1734 1366 1789 ut
1425 1733 1600 1812 patet
1655 1728 1721 1790 in
1781 1725 2044 1813 epistola
2093 1727 2464 1813 Hieronymi
2525 1727 2607 1792 ad
2655 1728 2984 1814 Riparium

319 1836 383 1893 et
427 1828 830 1894 Desiderium
892 1839 1109 1895 contra
1158 1830 1606 1917 Vigilantiam,
1666 1832 1772 1896 ubi
1838 1835 1927 1898 sic
1985 1834 2247 1899 dicitur:
2305 1843 2594 1920 preterea
2652 1834 2885 1898 eisdem
2948 1856 2988 1898 a

319 1957 421 1999 me
465 1934 733 2001 relatum
779 1944 876 2001 est
918 1936 1196 2023 epistolis
1243 1938 1412 2025 quod
1460 1949 1680 2004 contra
1724 1941 2165 2005 auctoritatem
2212 1939 2477 2026 apostoli
2524 1939 2728 2022 Pauli,
2790 1941 2982 2005 immo

233 2054 299 2107 15
318 2041 512 2126 Petri,
558 2041 870 2108 Johannis
915 2054 977 2107 et
1023 2043 1288 2127 Jacobi,
1335 2048 1443 2132 qui
1490 2045 1751 2111 dextras
1798 2046 2111 2111 dederunt
2154 2046 2356 2111 Paulo
2418 2054 2482 2111 et
2527 2046 2822 2112 Barnabe
2882 2070 2982 2112 co-

316 2150 761 2213 municationis
807 2157 869 2214 et
912 2163 1332 2237 preceperunt
1378 2153 1468 2217 eis
1515 2161 1584 2217 ut
1630 2175 1983 2240 pauperum
2044 2174 2350 2218 memores
2407 2161 2648 2236 essent,
2713 2163 2780 2218 tu
2839 2176 2982 2240 pro·

316 2254 536 2320 hibeas
582 2255 1089 2343 Hierosolymam
1138 2259 1200 2321 in
1251 2281 1402 2323 usus
1432 2267 1796 2324 sanctorum
1844 2260 2057 2347 aliqua
2088 2268 2452 2346 sumptuum
2487 2260 2710 2324 solatia
2742 2259 2980 2345 dirrigi.

317 2361 648 2428 Guielmus
715 2362 942 2427 deinde
1004 2364 1084 2429 de
1145 2365 1379 2429 Sancto
1446 2364 1685 2430 Amore
1751 2365 2126 2431 Parisiensis
2196 2367 2421 2430 doctor
2449 2365 2501 2454 ²)
2535 2447 2542 2452 ι
2571 2374 2716 2453 post
2783 2366 2984 2431 multa

318 2476 604 2556 tempora
648 2469 920 2534 eundem
967 2493 1243 2535 errorem
1291 2473 1640 2555 innovavit,
1689 2474 1871 2559 cujus
1916 2473 2149 2559 dogma
2210 2483 2273 2538 et
2316 2471 2597 2538 libellum
2656 2472 2985 2537 damnavit

225 2576 683 2642 ‘lOAlexander
738 2576 850 2641 IV.
925 2586 988 2643 et
1046 2584 1267 2644 contra
1327 2601 1515 2666 quem
1581 2578 1860 2643 creditur
1919 2578 2171 2643 beatum
2235 2578 2544 2643 Thomam
2609 2579 2980 2666 opusculum

314 2687 673 2773 scripsisse,
733 2685 914 2771 cujus
977 2684 1211 2751 titulus
1251 2694 1346 2751 est
1404 2694 1628 2750 contra
1686 2687 2130 2772 impugnantes
2177 2686 2568 2773 religionem,
2625 2686 2736 2751 ubi
2783 2687 2982 2751 fusius

312 2792 498 2878 plura
550 2792 675 2879 legi
734 2799 1025 2878 possunt3
1086 2800 1149 2856 et
1194 2792 1486 2857 Secunda
1533 2791 1863 2858 Secundae
1909 2806 2104 2879 quest.
2164 2804 2283 2859 187
2314 2796 2397 2875 ³),
2456 2793 2563 2857 ubi
2627 2794 2812 2857 latius
2871 2795 2976 2857 de-

314 2898 586 2984 prendes
632 2921 856 2963 causas
901 2921 1015 2962 cur
1061 2899 1334 2984 religiosi
1383 2897 1678 2963 manibus
1723 2901 1972 2985 operari
2020 2923 2145 2962 non
2193 2909 2528 2963 teneantur

492 3005 571 3070 Ei
619 3028 769 3071 vero
818 3005 988 3092 quod
1034 3016 1351 3092 postremo
1400 3004 1750 3070 subiciunt:
1799 3006 1951 3069 dum
1983 3007 2283 3092 quicquid
2330 3005 2666 3071 elemosine
2699 3005 2978 3093 undique

224 3122 292 3176 25
311 3114 572 3199 disquiri
620 3121 857 3200 potest,
903 3114 967 3177 in
1014 3112 1129 3177 hos
1174 3113 1605 3177 mendicantes
1650 3112 1971 3198 religiosos
2030 3112 2385 3194 confertur,
2446 3114 2694 3179 interim
2755 3111 2978 3177 morbo

309 3236 421 3286 aut
480 3223 653 3285 senio
712 3220 979 3285 confecti
1040 3221 1213 3284 cives
1274 3219 1374 3284 vel
1433 3219 1666 3302 incole,
1738 3221 1844 3307 qui
1909 3243 2022 3306 per
2081 3229 2310 3284 etatem
2376 3243 2456 3285 ex
2527 3219 2848 3284 laboribus
2916 3228 2979 3284 et

312 3327 647 3393 sudoribus
707 3329 836 3392 suis
894 3351 1022 3392 una
1083 3350 1227 3392 cum
1275 3325 1584 3391 uxoribus
1643 3337 1705 3391 et
1772 3325 1986 3391 liberis
2044 3325 2301 3391 honeste
2362 3328 2690 3405 vixerunt,
2751 3337 2979 3413 egeant

308 3436 474 3499 fame
521 3444 583 3499 et
627 3434 839 3499 inedia
884 3433 1277 3521 pereundum
1343 3456 1594 3499 necesse
1640 3432 1914 3497 habeant
1969 3472 2040 3481 —
2068 3484 2082 3511 ,
2146 3435 2325 3520 quasi
2385 3432 2718 3497 subinferri
2781 3433 2977 3498 velint

309 3540 530 3606 melius
598 3542 732 3606 sore
799 3543 864 3605 in
933 3541 1046 3605 hos
1114 3542 1222 3628 qui
1291 3542 1565 3628 proximi
1649 3550 1794 3604 sunt
1863 3563 2175 3626 pauperes
2243 3539 2614 3604 elemosinas
2684 3540 2974 3620 conferri,

220 3648 828 3735 30respondebimus
873 3670 955 3713 ex
1001 3647 1330 3734 evangelio
1379 3670 1596 3712 omnes
1642 3648 1768 3712 diei
1820 3649 2148 3732 proximos
2194 3648 2302 3733 qni
2349 3645 2583 3711 Christi
2627 3647 2783 3711 Jesu
2831 3670 2972 3711 san-

308 3757 501 3842 guine
546 3778 764 3820 sumus
807 3755 1147 3842 redempti,
1193 3757 1258 3819 in
1306 3777 1431 3842 quo
1478 3776 1603 3818 non
1651 3762 1745 3818 est
1790 3777 1995 3840 neque
2040 3753 2287 3819 Grecus
2333 3776 2536 3841 neque
2582 3753 2860 3819 Judeus:
2906 3755 2973 3818 id

309 3861 478 3950 quod
523 3864 674 3927 satis
733 3861 1093 3927 declaratur
1139 3862 1314 3926 Luce
1368 3873 1446 3928 10
1474 3865 1528 3947 ⁴)
1592 3861 1671 3926 de
1729 3883 1803 3925 eo
1869 3863 1976 3947 qui
2041 3860 2430 3926 descendens
2488 3884 2527 3925 a
2574 3859 2970 3925 Hierusalem

306 3971 370 4034 in
417 3969 676 4034 Hierico
733 3971 798 4033 in
858 3969 1133 4034 latrones
1191 3968 1433 4033 incidit.
1527 3977 1591 4032 et
1647 3990 1799 4032 sane
1857 3969 2169 4054 utrisque,
2226 3970 2276 4032 si
2335 3968 2471 4032 fieri
2530 3975 2766 4054 potest,
2826 3966 2969 4030 sub-

450 4264 492 4334 ¹)
533 4268 569 4317 3
603 4264 727 4319 Joh.
766 4281 812 4318 v.
853 4268 904 4317 9.
945 4268 1031 4317 10.

214 4361 286 4416 35
448 4361 492 4429 ²)
538 4362 790 4417 Wilhclm
825 4379 933 4417 von
968 4362 1387 4429 Saint-Anwur,
1425 4361 1462 4431 †
1499 4365 1656 4429 1272,
1693 4379 1790 4416 um
1825 4361 1918 4416 die
1954 4362 2126 4416 Mitte
2173 4361 2270 4416 des
2306 4359 2721 4415 Jahrhundertn
2758 4359 2968 4414 Doctor

304 4451 404 4506 der
441 4452 726 4523 Theoloyie
762 4470 840 4505 cm
877 4451 973 4507 der
1020 4451 1359 4506 Universitcit
1396 4450 1580 4517 Paris,
1635 4452 1830 4506 welche
1883 4467 1943 4505 er
1986 4467 2158 4519 yeqen
2208 4450 2298 4505 die
2342 4450 2643 4518 Uberyriffe
2689 4449 2811 4503 und
2846 4450 2966 4503 An-

299 4538 622 4610 maflunyen
659 4540 756 4595 der
792 4541 1197 4596 Dominikaner
1231 4541 1354 4595 und
1389 4540 1805 4595 Franee‘skaner
1840 4540 2209 4608 vertheidiyte.

447 4636 493 4703 ⁸)
531 4640 790 4694 Nc’imlieh
832 4641 895 4693 in
933 4639 1030 4693 der
1067 4639 1293 4694 Summa
1332 4639 1506 4694 totius
1544 4639 1859 4709 theoloyiae.

445 4739 493 4811 ⁴)
532 4738 635 4792 Er.
673 4739 810 4794 Luc.
850 4743 916 4792 10
951 4756 999 4793 v.
1038 4744 1127 4793 30.
