3500 5300
1203 345 1301 400 No.
1340 346 1436 400 62:
1476 347 1615 401 1534
1651 345 1883 401 Februar
1917 346 2003 402 14.
2830 346 2929 407 177

267 538 377 603 der
421 538 720 605 letsteren
761 540 920 605 noch
948 540 1122 606 nieht
1164 540 1313 606 klar
1356 543 1466 620 sei,
1512 543 1937 608 zustimmend
1958 548 2379 625 yeantwortet.
2472 544 2657 609 Aueh
2701 545 2775 609 in
2819 544 2933 609 der
3001 552 3141 603 1534

264 645 758 728 Anyeleyenheit
814 647 921 712 aes
967 647 1268 729 Bischofs
1323 669 1445 713 von
1524 649 1766 727 Veroli,
1827 651 2043 715 dassen
2100 651 2521 734 Abberufuny
2582 649 2932 732 allerdinys
2950 620 3086 674 mr.
3121 624 3187 674 14

266 751 386 815 den
433 754 695 835 eiyenen
741 754 1100 820 Wanschen
1146 755 1461 821 desselben
1505 757 1864 838 entspreche
1907 757 2050 822 und
2090 757 2254 822 auch
2298 763 2470 823 sonst
2513 758 2933 841 zweckmc'g'ssiq

263 859 404 923 sein
449 860 687 939 wila-de,
731 861 888 925 habe
932 862 1044 926 der
1090 861 1298 944 Papst
1340 863 1477 927 sich
1520 863 1731 927 Karls
1792 861 2153 929 Wilnschen
2192 866 2421 947 yefit'yt.
2476 903 2552 913 —
2617 853 2784 931 Uber
2829 865 2933 929 die

215 974 248 1027 5
268 965 836 1048 Anyeleqenheiten
881 969 989 1033 des
1048 969 1380 1052 Veryerio:
1442 970 1741 1052 Zahlunq
1801 971 1913 1035 der
1968 970 2310 1036 Provision
2368 972 2508 1036 mod
2560 969 2932 1053 Zustelluny

265 1073 377 1137 der
424 1072 838 1153 Fakultdten,
882 1076 1256 1141 wennschon
1299 1077 1474 1142 nicht
1519 1078 1610 1142 im
1651 1098 1897 1158 yanzen
1955 1076 2020 1144 U
2014 1079 2232 1161 mfcmy
2278 1079 2462 1144 derer
2505 1080 2711 1145 seines
2772 1079 2926 1143 Vor-

259 1185 556 1263 fingere,
588 1181 1054 1262 bevorstehend;
1084 1183 1508 1266 Prorogation
1531 1185 1645 1249 der
1670 1185 1913 1249 Bullen
1938 1186 2091 1250 iiber
2123 1186 2243 1251 das
2264 1185 2572 1252 Bistlmm
2594 1185 2760 1251 Pola
2790 1206 2927 1250 vom

263 1286 507 1368 Papste
550 1289 1011 1371 suyestanden;
1072 1289 1547 1373 Versieherun9‚
1594 1292 1728 1372 dast
1774 1292 1886 1355 der
1931 1291 2226 1357 Nuntius
2284 1294 2381 1357 bei
2436 1293 2931 1375 fortdauemder

262 1397 478 1458 treuer
524 1394 885 1479 Versehuny
929 1397 1135 1462 seines
1182 1396 1446 1462 Postens
1489 1398 1665 1463 seins
1695 1398 2175 1481 Erwartunyen
2218 1400 2436 1481 erfia'llt
2480 1401 2666 1465 seben
2709 1400 2929 1465 werde.

182 1505 432 1565 101534
477 1501 779 1568 Febmar
820 1507 906 1567 14
950 1503 1134 1569 Rom.

403 1646 532 1700 Aac
579 1645 832 1717 Venediq‚
869 1647 1017 1702 Bibl.
1055 1648 1238 1703 Marc.
1275 1647 1390 1702 ital.
1428 1648 1498 1704 cl.
1538 1647 1590 1702 V
1627 1648 1748 1703 cod.
1787 1649 1856 1703 63
1893 1666 1974 1703 nr.
2019 1650 2082 1704 19
2126 1646 2274 1717 0159.

441 1771 571 1835 Per
613 1769 812 1837 l’altre
858 1773 980 1836 mie
1011 1771 1062 1860 ¹)
1108 1774 1194 1836 mi
1226 1795 1510 1859 pensava
1555 1772 1790 1838 havere
1836 1774 2049 1838 scritto
2082 1795 2122 1838 a
2152 1773 2529 1839 sufficientia
2574 1797 2614 1839 a
2643 1774 2722 1839 V.
2756 1775 2818 1841 S.
2865 1786 2929 1841 et

264 1876 342 1942 de
386 1877 447 1942 10
493 1900 683 1943 cause
728 1876 831 1943 del
877 1876 1375 1944 abboccamento
1422 1879 1488 1945 di
1533 1879 1663 1945 Sua
1694 1879 1944 1945 88111118
1989 1878 2087 1944 001
2131 1879 2413 1945 Christmo
2472 1890 2534 1946 et
2578 1881 2643 1946 di
2691 1889 2927 1969 quanto

265 1977 334 2048 in'
375 2006 516 2050 0880
565 1987 806 2071 seguito
851 1985 1038 2068 fusse,
1085 1987 1150 2050 in
1195 1985 1384 2051 modo
1431 1985 1547 2052 che
1593 1986 1717 2051 tale
1763 1986 2000 2052 andata
2044 2009 2344 2073 appresso
2391 1988 2647 2053 codesta
2678 1988 2929 2053 Maesta

186 2091 527 2157 15d0vesse
573 2114 779 2157 essere
827 2115 952 2157 non
1000 2093 1340 2158 solamente
1384 2094 1787 2180 giustificata,
1834 2117 1941 2158 ma
1986 2102 2437 2159 sommameute
2485 2096 2928 2160 commendata

263 2207 325 2263 et
366 2198 647 2264 laudata.
739 2222 845 2264 ma
890 2200 1239 2265 avvisando
1287 2199 1364 2265 V.
1413 2201 1473 2265 S.
1533 2200 1600 2265 di
1646 2224 1858 2267 nuovo
1906 2224 2030 2266 non
2091 2224 2297 2266 essere
2359 2201 2598 2267 anchor
2659 2201 2926 2290 qualche

261 2305 530 2394 reliquia
575 2306 642 2371 di
688 2308 1029 2393 suspitione
1075 2307 1199 2373 ben
1243 2315 1547 2394 purgata,
1592 2330 1709 2395 per
1754 2307 1960 2396 quello
2007 2307 2123 2373 che
2169 2309 2300 2374 Sua
2345 2308 2593 2374 Santith.
2638 2308 2928 2375 desidera

263 2414 488 2479 render
519 2421 710 2478 conto
756 2437 796 2479 a
826 2422 988 2479 tutto
1033 2414 1078 2479 il
1122 2414 1357 2480 mondo
1390 2416 1468 2480 de
1502 2414 1559 2480 le
1590 2439 1700 2480 sue
1731 2418 1954 2480 attioni
1985 2422 2048 2480 et
2089 2417 2587 2502 maggiormente
2618 2439 2657 2481 a
2688 2424 2926 2482 cotesta

261 2520 525 2600 Maesta,
571 2542 700 2585 non
747 2521 877 2587 solo
924 2545 1037 2609 per
1081 2523 1142 2586 la
1189 2521 1510 2588 sublimita
1553 2532 1616 2588 et
1658 2523 1901 2589 altezza
1946 2522 2061 2588 che
2105 2522 2170 2587 la
2216 2525 2380 2588 tiene
2411 2524 2512 2588 del
2550 2525 2923 2611 principato,

181 2645 363 2701 20188
406 2627 605 2694 1110110
651 2630 764 2716 piu
808 2652 922 2717 per
965 2629 1023 2695 le
1068 2630 1587 2696 excellentissime
1634 2631 1807 2696 virtu
1870 2651 2011 2714 sue,
2073 2639 2136 2695 et
2192 2629 2753 2717 particularmente
2811 2653 2925 2718 per

259 2735 319 2801 la
362 2738 710 2802 riverentia
761 2745 823 2801 et
869 2735 1285 2802 observancia
1343 2736 1459 2802 che
1518 2737 1579 2802 la
1640 2747 1824 2825 porta
1883 2762 1923 2802 a
1969 2737 2099 2803 Sua
2145 2738 2392 2804 Santita
2438 2747 2500 2802 et
2560 2761 2599 2802 a
2656 2737 2716 2802 la
2776 2738 2923 2804 sede

259 2842 637 2929 apostolica,
695 2843 867 2908 m'ha
927 2867 1270 2909 commesso
1318 2843 1478 2909 ch’io
1539 2843 1799 2931 replichi
1859 2846 1971 2931 piu
2031 2846 2328 2932 appieno‚
2389 2844 2687 2910 accioche
2736 2845 2811 2909 V.
2858 2844 2919 2910 S.

259 2948 489 3037 meglio
535 2952 845 3015 instructa
888 2973 1076 3038 possa
1119 2950 1536 3016 dimonstrare
1580 2950 1644 3016 18
1689 2953 1893 3016 verita
1938 2959 2000 3016 et
2044 2951 2257 3017 levare
2305 2955 2453 3038 ogni
2500 2951 2791 3039 scrupolo
2839 2951 2919 3016 de

258 3056 319 3122 la
360 3065 578 3123 mente
623 3058 688 3122 di
736 3057 868 3123 Sua
911 3057 1158 3123 Maesta
1203 3081 1241 3123 o
1286 3081 1352 3124 se
1397 3058 1604 3123 d'altri
1650 3061 1716 3123 vi
1763 3082 2016 3146 paresse
2062 3062 2219 3125 costi
2249 3060 2489 3125 facesse
2534 3058 2814 3144 bisogno.

179 3185 244 3238 25
435 3164 525 3230 Et
568 3164 800 3252 perche
830 3165 892 3229 la
922 3167 1129 3253 prima
1174 3165 1389 3231 radice
1419 3164 1585 3231 della
1615 3168 1972 3253 suspicione
2003 3189 2191 3232 nasce
2223 3165 2368 3232 dall'
2401 3164 2918 3250 abboccamento‚

259 3271 387 3338 Sua
431 3271 685 3337 88111118
729 3274 936 3359 prima
981 3295 1109 3337 non
1156 3273 1402 3338 vedeva
1446 3272 1633 3338 modo
1681 3273 1747 3339 di
1780 3281 1960 3360 poter
2004 3274 2262 3361 negarlo
2308 3296 2348 3338 8
2393 3296 2479 3338 un
2527 3281 2702 3338 tanto
2749 3275 2918 3360 prin·

258 3381 428 3466 cipe,
500 3402 692 3445 senza
759 3380 1095 3445 manifesta
1153 3379 1687 3444 demonstratione
1762 3380 1972 3445 d'odio
2040 3389 2104 3445 et
2171 3382 2352 3468 quasi
2432 3379 2918 3445 denunciatione

257 3485 686 3570 d'inimicitia‚
732 3496 795 3553 01
840 3485 1195 3572 sarebbegli
1241 3492 1467 3574 paruto
1516 3485 1665 3571 che,
1726 3510 1792 3551 80
1839 3486 1983 3574 quel
2029 3510 2098 3553 re
2142 3510 2208 3552 80
2252 3510 2333 3552 110
2378 3488 2546 3552 fusse
2593 3488 2917 3574 sdegnato,

259 3592 663 3680 bavergliene
710 3593 859 3660 data
907 3617 1132 3679 08888,
1190 3595 1470 3659 maxime
1531 3593 1646 3659 che
1704 3593 1768 3658 la
1825 3596 1985 3659 s'era
2037 3617 2197 3682 poco
2255 3597 2508 3660 innanzi
2565 3593 2919 3660 abboccata

178 3701 379 3772 aodue
425 3700 601 3767 volte
647 3723 765 3766 con
811 3702 875 3766 la
921 3701 1169 3767 Maesta
1213 3701 1485 3766 Cesarea
1542 3710 1605 3767 et
1660 3724 1771 3766 era
1827 3710 2048 3788 parato
2106 3701 2480 3768 abboccarsi
2544 3709 2716 3767 tante
2760 3702 2917 3768 altre

258 3817 492 3896 quante
554 3808 611 3874 le
657 3811 1065 3897 opportunita
1106 3809 1275 3875 della
1336 3808 1747 3875 Christianita
1808 3809 2303 3875 ricercheranno.
2394 3808 2622 3874 inoltre
2682 3832 2919 3896 sapeva

258 3915 370 3981 che
415 3915 488 3979 di
545 3914 635 3980 tal
695 3937 842 3980 cosa
898 3935 1026 3980 non
1084 3939 1164 3980 ne
1224 3923 1445 4003 potera
1506 3918 1716 4002 seguir
1773 3915 2171 3981 incommodo
2231 3916 2491 3999 alcuno,
2550 3924 2796 3981 excetto
2860 3915 2917 3982 01

259 4022 501 4110 disagio
548 4023 629 4088 de
673 4021 736 4088 la
779 4045 1050 4110 persona
1094 4046 1243 4107 sua,
1290 4023 1346 4088 el
1393 4023 1577 4111 quale
1623 4023 1727 4109 pel
1776 4023 1899 4088 ben
1945 4046 2214 4089 comune
2260 4024 2391 4088 Sua
2436 4024 2684 4089 Santita
2731 4026 2917 4088 etima

259 4152 436 4216 poco,
482 4138 547 4195 et
589 4131 921 4196 volontieri
967 4129 1432 4196 cimenterebbe
1475 4129 1576 4195 del
1623 4153 1862 4216 sangue
1922 4139 1984 4195 et
2028 4129 2193 4196 della
2259 4132 2392 4195 vita
2451 4130 2762 4195 commodi
2820 4133 2913 4195 in-

181 4236 432 4306 asfiniti.
506 4261 775 4325 sperava
817 4237 943 4303 ben
990 4239 1106 4305 che
1168 4262 1246 4304 ne
1304 4239 1618 4325 potessino
1679 4239 1957 4302 riuseire.
2050 4260 2085 4302 e
2131 4236 2303 4325 quali
2372 4259 2438 4302 se
2507 4258 2635 4302 non
2703 4236 2914 4302 hanno

261 4343 448 4411 hauto
495 4347 706 4412 effetto
751 4370 867 4434 per
910 4348 1179 4412 trovarsi
1223 4345 1311 4433 gli
1356 4347 1552 4410 animi
1614 4347 1726 4432 piu
1771 4345 2048 4411 indurati
2108 4368 2186 4409 ne
2243 4344 2301 4409 10
2363 4344 2460 4408 101·
2515 4346 2788 4431 passioni
2848 4345 2914 4410 di

261 4451 401 4537 quel
446 4451 562 4518 0110
619 4455 671 4517 81
716 4454 1017 4538 stimma,
1074 4475 1200 4518 non
1258 4454 1293 4516 ὲ
1352 4453 1504 4539 pero
1563 4452 1679 4517 che
1737 4451 2124 4518 l’intentione
2182 4453 2248 4517 di
2294 4452 2425 4518 Sua
2479 4452 2729 4517 88811111ν
2786 4474 2913 4516 non

262 4560 312 4622 81
353 4582 638 4626 movesse
684 4559 809 4627 ben
868 4569 931 4626 et
989 4567 1413 4646 santamente3
1472 4559 1787 4625 ancorche
1847 4559 2112 4647 qualche
2171 4558 2381 4625 buono
2442 4559 2653 4624 effetto
2712 4558 2913 4624 anche

267 4691 436 4700 Ἢ...-

401 4740 444 4812 ¹)
483 4742 608 4796 Das
643 4742 960 4809 (valorem)
995 4740 1284 4797 Schreiben
1319 4757 1438 4796 vom
1475 4742 1544 4795 15
1579 4739 1872 4794 December
1909 4742 2069 4807 1533,
2104 4740 2208 4810 vyl.
2248 4756 2330 4793 nr.
2371 4741 2457 4792 54.

365 4847 977 4897 nuntia-turbatione,
1008 4850 1126 4890 mu
1155 4847 1438 4898 Αωιιοῑιιιιις,
1469 4847 1545 4888 sd.
1579 4848 1613 4888 1.
2419 4829 2486 4883 12
2528 4856 2537 4865 ·
