3500 5300
588 351 698 418 326
1538 356 1635 413 No.
1678 357 1806 413 107:
1839 359 1975 415 1538
2011 358 2222 427 August
2257 357 2309 412 2.

392 559 538 610 1538
590 555 674 620 ho
720 556 1071 642 significato
1126 578 1164 620 8
1208 552 1296 619 V.
1344 552 1408 619 S.
1454 554 1603 633 Bw,
1664 565 1725 618 et
1789 557 1874 618 mi
1935 555 2173 640 replico
2231 553 2292 618 18
2351 554 2702 617 medesima
2758 552 3064 616 sustantia
3122 572 3246 615 con

356 630 500 698 ΔΨ·
534 631 908 747 ²maggiore
956 662 1233 727 efficatia
1278 661 1397 725 che
1442 664 1665 747 prima.
1759 670 1824 725 et
1867 660 2059 725 landa
2104 661 2221 725 chc
2267 662 2322 724 si
2371 660 2514 725 dica
2561 658 2728 724 che'l
2775 657 3069 745 predetto
3112 657 3244 721 Ru

587 767 992 834 Brondusino
1039 770 1188 833 vien
1232 790 1350 853 per
1394 767 1452 831 le
1498 789 1647 832 cose
1695 765 2046 852 d’Ungaria
2071 816 2086 846 ‚
2155 766 2505 832 ancorache
2567 788 2694 831 non
2755 769 2852 831 sia
2909 765 3106 829 molto
3151 763 3247 828 bi-

587 897 787 960 sogno
830 898 951 962 per
993 873 1221 961 quelle.
1314 884 1379 939 et
1424 875 1486 937 io
1532 895 1763 939 ancora
1810 873 1892 937 ho
1936 881 2201 959 pregato
2245 873 2306 938 la
2335 873 2590 938 Maesta
2635 871 2766 937 Sua
2811 872 3028 957 voglio.
3071 893 3249 957 spar-

584 1004 733 1066 gere
780 991 1008 1068 questa
1053 1003 1232 1060 voce,
1277 980 1536 1047 acioche
1580 979 1625 1043 li
1658 979 2008 1046 adversarii
2053 1001 2183 1044 non
2225 979 2541 1045 habbiano
2588 1001 2782 1044 causa
2826 977 3106 1043 d’essere
3136 980 3248 1064 pin
3297 987 3331 1040 5

586 1088 728 1153 duri
790 1098 857 1154 et
923 1086 1182 1154 acioche
1248 1108 1376 1152 non
1444 1085 1799 1152 reuscendo
1867 1085 2089 1152 effetto
2158 1087 2387 1152 alcuno
2433 1084 2563 1150 Sua
2609 1083 2859 1150 Sentit&
2919 1094 2986 1149 et
3037 1083 3250 1170 quella

587 1204 768 1260 santa
812 1194 967 1260 sede
1014 1196 1169 1259 resti
1215 1215 1338 1259 con
1382 1192 1667 1258 l’honore
1714 1214 1851 1258 suo.

762 1301 911 1367 Non
956 1301 1225 1366 lasciaro
1286 1300 1367 1365 de
1426 1301 1702 1364 scrivere
1761 1322 1879 1387 per
1935 1301 2063 1364 mio
2122 1298 2433 1364 discarico
2481 1322 2521 1363 a
2565 1298 2652 1365 V.
2699 1296 2764 1362 S.
2808 1298 2942 1364 R·-
2985 1309 3054 1363 et
3096 1298 3251 1364 Ill-⁸

586 1408 704 1472 che
750 1406 882 1473 Sua
924 1407 1181 1472 Maesta
1235 1409 1323 1471 mi
1382 1406 1467 1470 ha
1525 1407 1879 1491 significato
1939 1406 2172 1471 havere
2232 1407 2457 1470 scritto
2517 1405 2625 1470 alli
2684 1407 2823 1470 suoi
2869 1408 3086 1491 agenti
3132 1405 3249 1470 che

586 1514 836 1578 faciano
880 1515 1182 1578 instantia
1228 1534 1533 1600 appresso
1580 1511 1711 1576 Sua
1757 1510 2007 1577 Santita
2064 1511 2224 1577 che’l
2282 1512 2584 1577 mandato
2641 1513 2738 1577 sia
2794 1511 2960 1576 fatto
3020 1534 3250 1576 ancora
3273 1523 3333 1574 ιο

587 1622 655 1684 in
697 1643 799 1685 me
844 1642 962 1706 per
1004 1620 1095 1684 tal
1153 1617 1522 1698 concordia,
1582 1618 1924 1684 iudicando
1970 1641 2089 1705 per
2147 1618 2340 1683 molte
2401 1620 2694 1704 raggioni
2739 1639 2952 1683 essere
3000 1624 3140 1683 cosi
3185 1620 3253 1682 in

587 1728 939 1813 proposito.
1030 1726 1077 1789 il
1122 1725 1241 1791 che
1287 1731 1322 1788 e
1369 1725 1533 1789 fatto
1581 1729 1783 1806 (come
1829 1726 1876 1789 11
1923 1728 2142 1810 signor
2181 1723 2315 1789 Dio
2363 1727 2454 1808 sa)
2516 1746 2706 1790 senza
2748 1734 2982 1812 saputa
3026 1735 3093 1788 et
3137 1747 3252 1790 vo-

586 1832 765 1897 lunta
808 1835 953 1912 mia,
999 1835 1139 1897 anzi
1185 1831 1269 1898 ho
1317 1831 1680 1897 desiderato
1727 1842 1794 1895 et
1838 1839 2177 1919 procurato
2222 1832 2270 1895 il
2316 1832 2663 1910 contrario,
2706 1830 2942 1918 perche
2986 1832 3054 1895 in
3100 1853 3252 1897 vero

587 1962 718 2004 non
764 1961 921 2005 sono
968 1944 1103 2004 cosi
1148 1938 1333 2004 fnora
1379 1937 1446 2003 di
1493 1960 1680 2005 senso
1726 1937 1892 2003 ch'io
1949 1960 2077 2002 non
2134 1959 2411 2004 conosca
2465 1959 2594 2003 non
2651 1959 2862 2003 essere
2918 1940 3253 2023 ruffi-ione-

589 2046 732 2110 vole
777 2067 894 2133 per
922 2046 1100 2110 molti
1146 2046 1416 2132 rispetti.
1507 2045 1554 2108 il
1597 2044 1832 2132 perche
1863 2067 1985 2109 con
2012 2046 2162 2130 ogni
2202 2046 2550 2110 riverentia
2594 2053 2659 2109 et
2689 2042 2914 2109 affetto
2960 2045 3252 2131 supplico
3271 2053 3339 2108 15

588 2151 815 2238 quella,
859 2151 1115 2238 quando
1162 2149 1293 2216 Sua
1337 2150 1591 2216 Sentit&
1655 2152 1926 2216 havesse
1993 2153 2204 2216 animo
2267 2150 2334 2216 di
2402 2151 2568 2216 farlo
2625 2173 2743 2237 per
2787 2153 3164 2237 conpincere
3209 2173 3249 2215 8

588 2257 722 2323 Sua
764 2257 1035 2338 Maesta,
1082 2257 1298 2343 voglia
1342 2257 1698 2345 impedirIO,
1742 2257 1977 2344 perche
2022 2259 2092 2322 in
2136 2280 2293 2323 vero
2324 2279 2454 2322 non
2498 2257 2764 2323 sarebbe
2807 2259 2878 2321 in
2922 2259 3253 2344 proposito

588 2388 704 2452 per
747 2365 794 2428 il
839 2367 1118 2450 negotio,
1163 2374 1230 2429 et
1273 2366 1337 2429 io
1384 2365 1583 2429 molto
1630 2367 1742 2452 pin
1790 2366 1877 2429 mi
1922 2369 2297 2429 contentato
2357 2385 2425 2429 se
2480 2362 2672 2449 degni
2729 2363 2921 2429 fai-mi
2966 2372 3252 2429 ottenere

589 2481 814 2557 questa
858 2471 1220 2537 desiderata
1264 2479 1330 2537 et
1374 2473 1733 2536 necessaria
1777 2471 2054 2550 licentia,
2103 2469 2272 2536 della
2300 2470 2487 2557 quale
2533 2480 2710 2536 tante
2756 2470 2933 2536 volte
2978 2472 3088 2557 pin
3133 2470 3251 2536 che

589 2578 868 2644 sforzato
914 2600 1074 2644 sono
1135 2586 1302 2643 stato
1363 2587 1630 2644 astretto
1693 2579 1886 2643 etiam
1945 2580 2520 2665 importunamente
2563 2599 2872 2664 pregarne
2918 2576 3050 2642 Sua
3091 2574 3254 2642 San·
3268 2587 3340 2642 20

588 2688 723 2749 tite.
814 2694 881 2750 et
925 2708 994 2750 se
1040 2709 1160 2772 pur
1204 2684 1337 2751 Sua
1394 2683 1646 2750 Sentit&
1712 2684 1994 2751 admette
2052 2685 2118 2750 18
2181 2687 2484 2770 raggione
2552 2683 2619 2749 di
2678 2694 2907 2770 questo
2953 2682 3140 2749 Ser-⁰
3183 2706 3253 2749 re

588 2794 756 2857 circa
799 2792 846 2855 il
890 2792 1160 2878 bisogno
1207 2791 1275 2857 di
1321 2792 1473 2857 dare
1520 2794 1897 2879 compagnia
1942 2791 2003 2857 81
2047 2792 2344 2877 predetto
2387 2791 2518 2856 ΒΜ
2579 2793 2648 2856 in
2693 2802 2921 2877 questo
2970 2799 3254 2869 trattato,

590 2921 768 2964 come
815 2922 944 2963 non
987 2905 1022 2963 e
1068 2900 1324 2963 stimato
1370 2898 1556 2964 fuora
1600 2899 1667 2963 di
1724 2900 2080 2985 proposito,
2141 2897 2274 2963 Sua
2317 2896 2572 2963 Sentit&
2623 2903 2751 2984 pub
2810 2906 2878 2962 et
2934 2896 3098 2963 deve
3145 2920 3254 2982 sg-

588 3005 900 3091 giongerli
946 3027 1222 3093 persona
1266 3005 1490 3091 eguale
1536 3003 1617 3070 de
1665 3004 1913 3090 dignita
1957 3014 2022 3070 et
2068 3004 2149 3069 de
2195 3006 2478 3084 scientia,
2524 3027 2704 3071 come
2761 3027 2880 3093 per
2925 3005 3084 3070 altre
3129 3007 3253 3069 mie

591 3110 675 3176 ho
722 3112 962 3177 scritto.
3269 3119 3334 3175 ᾖ

768 3217 1045 3295 Quando
1091 3217 1136 3283 11
1182 3218 1477 3305 predetto
1522 3218 1653 3282 ΒΜ
1700 3240 1822 3282 con
1865 3217 1913 3282 il
1959 3217 2121 3283 Rev.
2166 3220 2537 3303 monsignor
2564 3217 2769 3283 Fabio
2800 3218 3180 3304 Mignanelli
3210 3219 3253 3299 ¹)

592 3346 861 3390 sai-anno
890 3326 1112 3410 gionti,
1159 3326 1457 3409 exeguiro
1515 3332 1752 3410 quanto
1822 3323 2034 3409 quella
2091 3326 2181 3388 mi
2249 3332 2588 3390 commette
2648 3333 2714 3388 et
2771 3326 3255 3409 ingenuamente

592 3452 770 3494 come
816 3452 932 3495 son
987 3429 1274 3495 debitore
1321 3453 1442 3495 con
1510 3432 1657 3515 ogni
1716 3432 2016 3495 sincerita
2073 3438 2139 3494 et
2205 3429 2613 3495 observantia
2678 3432 3149 3495 communicato
3193 3438 3260 3495 et

593 3541 735 3602 saro
779 3539 1117 3602 assistente
1164 3536 1225 3600 al
1269 3535 1566 3623 predetto
1611 3536 1741 3601 ΒΜ
1790 3545 1853 3601 et
1899 3558 1935 3600 8
1980 3558 2222 3602 messer
2264 3536 2469 3601 Fabio
2530 3539 2599 3602 in
2642 3545 2806 3602 tutte
2852 3536 3065 3623 quelle
3110 3558 3259 3603 cose

592 3640 755 3707 ch’io
801 3645 1165 3708 existimato
1211 3652 1432 3731 potere
1481 3665 1692 3709 essere
1739 3645 2004 3708 servitio
2053 3643 2133 3708 de
2165 3642 2296 3708 Sua
2326 3642 2580 3709 Sentit&
2624 3652 2690 3708 et
2733 3643 2906 3710 della
2948 3643 3342 3729 religionem

594 3757 659 3813 et
703 3748 869 3814 delle
913 3750 1050 3814 loro
1097 3751 1389 3835 signorie.

770 3855 1033 3932 Quanto
1079 3856 1204 3920 8118
1247 3858 1693 3943 prorogatione
1740 3855 1847 3921 del
1892 3857 2162 3922 concilio
2209 3854 2340 3922 Sua
2379 3857 2636 3922 Maesta
2679 3855 2780 3922 n'e
2822 3866 3063 3922 testate
3107 3880 3258 3922 con-

594 3970 786 4041 tenta,
832 3984 954 4026 con
997 3971 1225 4048 questo
1285 3962 1402 4027 che
1461 3985 1708 4050 sempre
1769 3985 1838 4028 se
1898 3966 2254 4048 intertenga
2311 3962 2668 4050 l'openione
2730 3962 2798 4028 di
2855 3964 3021 4028 farlo
3079 3974 3148 4028 et
3189 3966 3256 4029 in

597 4067 817 4133 effetto
864 4071 917 4133 si
964 4069 1136 4133 facia
1181 4091 1219 4133 a
1263 4078 1480 4155 tempo
1529 4078 1867 4155 oportuno,
1913 4091 2030 4157 per
2059 4078 2396 4135 contenere
2441 4070 2488 4134 li
2519 4069 2871 4135 Lutherani
2917 4073 2984 4136 in
3031 4081 3254 4157 questo

595 4177 821 4239 timore
869 4184 935 4240 et
978 4197 1094 4261 per
1137 4175 1282 4240 farli
1330 4175 1840 4241 condescendere
1888 4198 1926 4241 a
1971 4179 2084 4263 pisi
2129 4177 2560 4261 raggionevoli
2606 4180 2871 4242 tmttati.
3267 4182 3335 4237 ὣ

772 4281 835 4345 N
840 4304 923 4346 on
968 4280 1053 4345 ho
1098 4285 1364 4369 possut'o
1419 4282 1677 4348 referire
1724 4306 1764 4347 a
1808 4285 2211 4369 monsignore
2256 4282 2599 4349 Londense
2656 4284 2721 4349 18
2776 4294 2959 4370 grata
3004 4284 3249 4373 espedi-

597 4390 771 4453 tione
818 4388 883 4452 di
930 4388 1169 4453 Nostro
1229 4386 1496 4474 Signore
1555 4412 1671 4475 per
1726 4389 1790 4454 18
1848 4390 2088 4454 chiesia
2135 4388 2624 4455 Constantiense
2652 4393 2717 4471 ²),
2777 4390 3008 4477 perche
3061 4391 3244 4457 credo

747 4638 787 4799 ’Ξ
827 4639 945 4707 Vql.
984 4638 1074 4693 die
1100 4638 1433 4709 Einleittmq
1470 4656 1540 4695 zu.
1576 4640 1685 4695 den
1716 4639 2027 4709 Depeschen
2063 4639 2367 4695 Aleanders
2403 4640 2525 4695 und
2556 4641 2940 4710 Miqnandli's
2973 4642 3038 4696 in
3060 4641 3166 4696 Bd.
3189 4645 3238 4694 3.

743 4726 763 4754 ²
832 4727 945 4797 Vyl.
983 4727 1117 4782 oben
1151 4744 1237 4781 nr.
1277 4732 1392 4781 100.
