3500 5300
1053 371 1153 434 No.
1194 319 1498 435 los-2109:
1536 375 1675 435 1538
1714 376 1927 448 August
1969 373 2048 434 10.
2055 376 2210 434 -16.
2849 365 2959 437 829

298 571 498 638 cer-ita
542 571 608 638 d’
608 575 818 638 animo
866 594 1054 638 verso
1100 574 1146 638 il
1191 572 1444 660 prefato
1490 594 1558 639 re
1605 584 1845 660 quanto
1890 572 2027 639 dire
2066 574 2128 638 si
2175 594 2384 660 possa,
2430 574 2797 661 replicando
2842 576 2954 661 pin
3024 577 3171 631 1538

299 679 472 746 volte
518 679 636 744 che
682 703 808 765 ogn
808 678 957 744 ’uno
1001 686 1348 747 conoscere
1392 703 1516 747 con
1562 689 1801 768 quanta
1847 680 2039 746 lealta
2085 691 2148 745 et
2194 679 2345 746 fede
2376 680 2724 767 procedet-a
2768 703 2955 746 verso

297 785 463 851 ditto
507 809 577 852 re
624 784 965 851 Giovanni.

473 892 602 958 Per
657 894 876 978 vigore
937 891 1106 959 della
1164 893 1511 961 medesima
1568 893 1960 961 credentiale
2013 894 2061 959 il
2120 893 2372 982 prefato
2432 894 2685 960 Lascko
2740 896 2828 959 mi
2875 895 2958 961 ha

244 1010 281 1062 5
297 999 463 1064 fatto
507 998 745 1065 vedere
790 998 909 1064 che
955 1021 1099 1065 esso
1144 1022 1212 1066 re
1259 998 1582 1067 Giovanni
1614 999 2079 1067 considerando
2125 1001 2187 1068 la
2213 1000 2565 1087 grandezza
2609 1001 2714 1066 del
2743 1000 2956 1067 Turco

299 1116 367 1172 et
408 1105 696 1193 sapendo
739 1106 789 1170 li
834 1105 1084 1192 disegni
1130 1109 1268 1172 suoi
1315 1103 1569 1172 d’Italia
1579 1155 1600 1189 ,
1657 1128 1785 1172 non
1846 1107 1943 1173 sol
2001 1129 2071 1173 se
2142 1106 2440 1189 offeriva,
2506 1130 2611 1172 ma
2677 1130 2958 1195 pregava

296 1212 534 1279 Nostro
580 1212 850 1300 Signore
896 1235 1078 1278 come
1124 1229 1285 1300 capo
1330 1212 1500 1279 della
1544 1214 1673 1299 lig-a
1719 1223 1786 1280 et
1814 1215 2131 1301 principio
2175 1214 2243 1279 di
2287 1216 2448 1280 tanti
2478 1213 2628 1280 beni
2673 1214 2741 1280 di
2772 1213 2957 1280 Chri-

297 1322 557 1386 statuite
597 1319 851 1387 volesse
898 1319 1303 1386 considerare
1349 1320 1468 1386 che
1515 1343 1767 1407 sempre
1811 1319 1857 1384 li
1903 1342 1973 1387 re
2018 1323 2259 1407 passati
2307 1319 2703 1407 d’Hungaria
2746 1320 2958 1387 hanno

295 1426 537 1493 havuto
581 1428 884 1493 continue
926 1447 1153 1512 guerre
1198 1435 1421 1492 contra
1465 1427 1510 1490 il
1554 1426 1789 1506 Tusco,
1835 1435 1901 1491 et
1944 1435 2189 1493 mentre
2234 1434 2269 1492 e
2314 1437 2482 1493 stato
2529 1437 2844 1515 occupato
2889 1430 2958 1493 in

216 1542 281 1596 10
297 1533 542 1621 quelle,
586 1554 717 1599 non
760 1532 845 1598 ha
900 1534 1028 1598 mai
1086 1532 1325 1598 havnto
1385 1536 1682 1619 pensiero
1729 1531 1811 1599 (10
1870 1533 2132 1599 voltarsi
2194 1533 2317 1600 alle
2377 1556 2527 1600 cose
2573 1533 2848 1616 d'Italia,
2893 1545 2956 1599 et

296 1639 415 1706 che
460 1640 549 1705 lui
596 1638 870 1706 essendo
915 1639 983 1704 di
1029 1639 1176 1726 quel
1220 1642 1431 1705 animo
1477 1639 1823 1705 christiano
1868 1639 1989 1706 che
2036 1640 2201 1706 deve
2249 1663 2480 1721 essere,
2526 1650 2591 1706 et
2633 1640 2958 1727 seguendo

296 1746 342 1811 li
391 1748 647 1831 vestigii
692 1744 846 1811 delli
890 1744 1332 1832 predecessori
1378 1748 1475 1812 soi
1521 1745 1905 1813 desiderava
1936 1748 2309 1812 continuare
2353 1749 2423 1812 in
2465 1770 2697 1833 guerra
2739 1756 2959 1813 contra

296 1853 445 1940 quel
487 1855 737 1919 nemico
783 1851 890 1918 del
935 1873 1124 1918 nome
1170 1852 1547 1932 christiano;
1594 1875 1698 1918 ma
1741 1874 2025 1940 pregava
2068 1851 2202 1919 Sua
2230 1851 2482 1920 Santita
2525 1856 2791 1920 insieme
2836 1876 2957 1920 con

296 1969 465 2026 tutta
507 1961 572 2025 la
614 1959 744 2045 liga
788 1959 1113 2025 volessero
1158 1958 1362 2044 dargli
1409 1958 1648 2039 adiuto,
1693 1958 1843 2046 qual
1887 1958 2108 2026 adiuto
2153 1959 2422 2026 sarebbe
2468 1969 2636 2026 stato
2681 1960 2954 2046 bisogno

211 2078 280 2134 15
298 2066 475 2132 fusse
521 2068 662 2131 sino
707 2065 833 2131 alla
875 2088 1122 2132 summa
1165 2064 1248 2131 de
1301 2075 1381 2133 10
1425 2065 1578 2130 mila
1621 2065 1784 2131 fanti
1832 2075 1898 2131 et
1949 2075 2119 2134 1000
2149 2064 2390 2131 homini
2436 2065 2694 2147 d’arme,
2740 2089 2861 2133 con
2907 2068 2954 2132 li

297 2173 469 2260 quali
517 2195 586 2238 se
632 2171 901 2239 offeriva
946 2181 1014 2238 et
1056 2172 1242 2238 volea
1271 2171 1572 2257 obligarsi
1619 2171 1756 2237 fare
1801 2172 2106 2239 talmente
2154 2171 2300 2238 ch’il
2345 2172 2559 2239 Turco
2605 2195 2729 2239 con
2774 2196 2955 2239 exer-

299 2282 429 2346 cito
474 2287 774 2345 terrestre
818 2281 947 2344 mai
1005 2287 1263 2366 potesse
1330 2299 1590 2366 pessare
1648 2280 1716 2344 in
1775 2278 1967 2343 Italia
1980 2304 1997 2358 ;
2066 2288 2133 2343 et
2185 2301 2469 2365 pregava
2527 2278 2662 2346 Sua
2706 2280 2957 2346 Sentit&

298 2387 551 2453 volesse
596 2385 949 2452 admettere
997 2394 1064 2452 et
1106 2384 1410 2451 exaudire
1469 2393 1698 2472 questo
1758 2386 2088 2471 consiglio,
2145 2385 2238 2450 dil
2299 2385 2420 2451 che
2480 2387 2738 2472 quando
2784 2410 2864 2452 ne
2910 2388 2954 2451 li

297 2493 473 2559 fusse
519 2491 670 2558 dato
715 2491 983 2579 qualche
1030 2514 1336 2580 speranza
1379 2491 1463 2558 de
1509 2490 1641 2558 Sua
1669 2491 2099 2572 Beatitudine,
2143 2492 2407 2558 haveria
2433 2493 2736 2559 mandato
2765 2493 2957 2560 homo

207 2611 281 2668 ²⁰
297 2622 337 2666 a
379 2608 567 2689 posta
610 2622 728 2688 per
768 2607 1032 2666 trattare
1085 2606 1312 2688 questo
1379 2600 1639 2685 negotio
1701 2608 1770 2665 et
1835 2621 1953 2687 per
2007 2598 2451 2681 concluderlo;
2519 2608 2587 2666 et
2627 2602 2714 2667 mi
2760 2605 2957 2688 pregb

298 2711 789 2774 instantemente
832 2707 1089 2773 volesse
1134 2727 1516 2794 procui-arne
1568 2705 1635 2771 la
1688 2708 1969 2793 risposta
2026 2715 2093 2772 et
2149 2706 2532 2792 significarla
2589 2707 2649 2772 al
2706 2705 2957 2795 prefato

298 2837 367 2880 re
413 2812 757 2881 Giovanni.

474 2920 571 2986 Mi
620 2922 961 3007 soggionse
1006 2941 1240 2986 ancora
1282 2941 1407 2986 con
1464 2918 1889 2986 affirmatione
1946 2919 2066 2986 che
2124 2920 2217 2985 lui
2274 2919 2831 3006 particularmente
2875 2919 2959 2986 ha

297 3026 494 3098 molte
552 3027 843 3114 pratiche
898 3029 968 3092 in
1022 3026 1085 3093 le
1152 3027 1482 3114 provincie
1550 3026 1661 3093 del
1702 3025 1918 3093 Turco
1963 3048 2086 3093 con
2131 3025 2509 3107 Christiani,
2576 3036 2642 3093 et
2684 3029 2957 3093 maxime

192 3146 280 3209 25
298 3156 422 3200 con
467 3134 677 3200 alcuni
722 3132 1081 3221 patriarchi,
1125 3132 1297 3220 quali
1343 3131 1505 3199 altro
1548 3155 1681 3199 non
1726 3141 2062 3220 espettano
2120 3133 2240 3199 che
2286 3135 2566 3200 exercito
2612 3132 2956 3199 christiano

298 3244 490 3306 etiem
535 3240 887 3322 mediocre,
931 3249 999 3305 et
1041 3239 1160 3306 che
1205 3240 1268 3305 al
1324 3261 1523 3325 segne
1569 3248 1636 3305 et
1694 3241 2047 3306 iuramento
2100 3238 2312 3306 hanno
2373 3242 2638 3306 insieme
2684 3242 2737 3305 si
2785 3241 2958 3304 leva-

296 3369 451 3413 rano
496 3368 619 3413 con
663 3349 814 3412 tutti
858 3347 905 3412 li
951 3347 1173 3434 populi
1217 3348 1511 3435 oppressi
1557 3355 1622 3412 et
1665 3348 2077 3432 tyn-annizati
2121 3346 2710 3413 intolerabilmente.

476 3454 773 3520 Havemo
818 3462 1157 3542 expectato
1201 3463 1268 3518 et
1313 3462 1690 3540 expectamo
1735 3454 1784 3517 il
1827 3453 1959 3519 Β1110
1998 3454 2427 3532 Brundusino,
2473 3453 2578 3518 (101
2625 3454 2809 3540 quale
2857 3457 2958 3518 sin

297 3564 407 3650 qui
453 3584 582 3626 non
625 3560 895 3627 havemo
939 3581 1111 3626 nova
1155 3562 1250 3625 sia
1292 3562 1516 3646 gionto
1562 3562 1630 3624 in
1674 3560 1734 3625 le
1779 3567 1947 3626 terre
1992 3559 2063 3626 di
2106 3568 2330 3648 questa
2375 3560 2646 3640 Maesta,
2706 3561 2767 3625 la
2812 3560 2956 3647 qual

202 3680 422 3736 800011
465 3667 636 3733 bona
674 3667 938 3733 volunta
980 3664 1151 3733 m'ha
1196 3665 1375 3733 detto
1418 3665 1733 3754 l’espetta,
1777 3666 2249 3754 perseverando
2279 3673 2435 3754 pero
2481 3669 2546 3731 in
2591 3667 2807 3753 quello
2838 3667 2957 3732 0110

298 3775 425 3841 dne
468 3775 645 3840 volte
689 3776 777 3838 mi
821 3773 906 3839 ha
949 3773 1131 3840 detto
1177 3776 1349 3840 circa
1392 3774 1456 3839 la
1499 3772 1918 3860 deputatione
1963 3772 2117 3838 delli
2163 3775 2532 3839 comissarii.

474 3880 554 3946 Io
620 3903 743 3947 con
799 3882 1085 3966 maggior
1144 3879 1464 3947 desiderio
1526 3877 1850 3968 l',espetto
1917 3879 2234 3966 sperando
2293 3880 2412 3945 che
2475 3879 2559 3946 V
2606 3878 2670 3943 S.
2717 3879 2846 3944 ΒΜ
2893 3890 2959 3946 et

298 3988 454 4053 Ill-⁸
498 3989 609 4074 piil
656 3986 1020 4052 facilmente
1067 3985 1207 4052 fara
1250 3987 1370 4054 che
1414 3986 1501 4052 da
1543 3985 1785 4052 Nostro
1817 3985 2085 4072 Signorc
2131 3989 2216 4051 mi
2264 3992 2407 4052 sara
2436 4008 2742 4051 concesso
2771 3995 2959 4073 poter

300 4097 518 4160 venire
565 4096 629 4159 in
674 4093 865 4159 Italia
908 4093 1120 4159 almen
1162 4116 1281 4181 per
1334 4094 1381 4159 il
1440 4101 1656 4180 tempo
1714 4095 2043 4172 ricercatO,
2111 4115 2291 4157 come
2359 4102 2552 4176 teugo
2619 4115 2737 4178 per
2779 4102 2955 4158 certo

204 4201 417 4268 360110
462 4199 595 4267 Sua
640 4199 889 4266 Santita
935 4223 974 4266 a
1016 4200 1227 4286 quest’
1270 4200 1427 4265 hora
1474 4200 1707 4264 havera
1759 4198 2126 4264 deliberato,
2219 4203 2285 4265 in
2329 4198 2498 4263 bona
2542 4200 2747 4284 gratia
2790 4204 2895 4264 etc.

480 4308 581 4372 Da
625 4306 828 4372 Lince
875 4307 981 4373 alli
1035 4318 1116 4375 10
1163 4318 1386 4393 agn-“to
1442 4318 1627 4374 1538.

2974 646 3229 716 Any-10

2975 4309 3120 4380 Any.
3157 4313 3231 4365 10

304 4523 458 4591 109.
549 4520 811 4587 Morene
853 4543 943 4587 an
978 4521 1285 4585 Far-rm.-
1332 4522 1480 4585 iiber
1508 4543 1663 4585 neue
1692 4518 2186 4602 Kumlschafien,
2233 4519 2445 4585 welche
2487 4542 2623 4585 vom
2657 4520 2957 4602 Rticlrzuy
2973 4523 3122 4594 Aua.
3163 4525 3232 4577 16

298 4630 407 4692 der
449 4629 578 4710 auf
619 4628 1146 4710 stanssylvanicm
1190 4627 1725 4692 marschierenden
1779 4627 2024 4691 Te‘irken
2077 4627 2329 4703 melden,
2383 4628 2698 4709 ‹mqeblich
2755 4648 2959 4708 weyen

297 4735 403 4801 des
455 4735 644 4799 'sodes
687 4735 791 4799 ἀῶ
844 4734 1237 4816 (ἧᾳθὴειτω
1294 4734 1585 4798 troiadem
1631 4732 2043 4817 Fmisetaeunq
2094 4733 2203 4797 der
2248 4734 2619 4818 Rfislunyen
2665 4733 2751 4797 K.
2797 4733 2955 4799 Fer-
