3500 5300
1084 351 1184 406 No,
1228 351 1353 405 127:
1392 349 1530 405 1535
1566 349 1801 406 Februar
1837 351 1921 405 10.
2780 343 2888 406 881

229 546 293 632 b)
334 547 474 612 Bes?
512 545 832 613 Cardinal
859 546 1214 612 Bernhard
1240 567 1362 611 von
1402 546 1641 623 Trient,
1687 547 1807 610 mit
1837 545 2328 628 Aufforderunq
2370 567 2460 610 an
2504 546 2711 610 diesen
2754 545 2890 610 sich
2965 545 3105 598 1535

269 654 505 719 wieder
553 675 642 718 an
687 654 809 718 den
852 654 1002 735 Hof
1039 655 1147 718 des
1189 653 1446 736 Kimiys
1488 673 1570 720 zu
1615 653 1890 735 beyeben.
1983 653 2146 716 1535
2190 651 2490 717 Februar
2535 656 2616 715 10
2662 652 2843 718 Rom.
2908 614 3048 669 Fbr.
3087 619 3156 672 ¹⁰

364 797 492 850 Ans
527 795 685 863 Rom,
721 797 888 850 Arch.
934 796 1056 849 Vat.
1094 796 1249 850 Arm.
1287 797 1357 849 40
1394 795 1519 850 Vol.
1556 795 1627 850 50
1674 794 1767 849 fol.
1807 797 1952 850 306·
1989 813 2068 849 nr.
2107 796 2214 850 320
2252 794 2412 850 Cone.
2462 826 2526 833 —
2581 794 2746 865 Copie
2792 794 2890 849 Ve-

439 885 632 954 nediy,
670 884 816 939 Ribz.
854 886 1037 939 Marc.
1077 886 1172 939 lat.
1212 884 1279 939 cl.
1319 884 1404 938 IX
1441 885 1560 939 cod.
1601 886 1669 939 68
1723 884 1815 938 fol.
1854 886 1924 938 22
1974 885 2088 950 (ein
2124 884 2334 939 Zusatz
2368 901 2409 939 8.
2445 902 2501 938 u.
2557 886 2622 938 in
2674 884 2893 953 eckiyen

182 974 214 1027 5
439 974 802 1036 Klammem).

400 1098 661 1163 Dilecte
721 1098 810 1162 fili
871 1108 1087 1164 noster
1144 1099 1411 1164 salut-em
1460 1108 1580 1164 etc.
1672 1099 1990 1164 recordari
2051 1108 2237 1185 potes
2299 1122 2416 1163 nos
2463 1107 2695 1178 tecum,
2740 1097 2892 1162 dum

230 1205 469 1270 Romae
541 1228 748 1284 essem,
817 1207 1032 1291 sepius
1102 1205 1183 1270 de
1254 1206 1596 1270 tmiversali
1659 1207 1930 1271 concilio
1990 1205 2370 1271 celebrando
2428 1205 2673 1270 locut-os
2734 1227 2892 1270 esse.

230 1312 397 1397 quod
460 1313 894 1377 confirmatum
956 1315 1255 1377 continue
1317 1316 1381 1376 in
1444 1313 1627 1377 nobis
1686 1325 1746 1377 et
1811 1316 1872 1377 in
1937 1313 2262 1377 voluntate
2323 1322 2538 1376 nostra
2583 1314 2778 1376 fixum
2823 1322 2896 1376 ut

230 1418 367 1484 Deo
416 1422 680 1506 auspice
728 1422 1127 1505 incipiamuS,
1174 1421 1479 1484 mittimus
1530 1419 1590 1484 d.
1632 1420 1678 1484 f.
1711 1420 1784 1484 P.
1815 1420 2084 1485 Paulum
2115 1418 2502 1504 Vergerium
2548 1418 2630 1484 ad
2662 1418 2894 1484 Sermum

155 1535 441 1611 loregem
496 1527 927 1590 Romanorum
990 1536 1055 1590 et
1115 1526 1197 1591 ad
1260 1509 1641 1591 Germaniae
1708 1550 1926 1591 omnes
1989 1527 2293 1605 circium,
2355 1526 2626 1590 electum
2686 1526 2769 1588 ob
2827 1524 2895 1589 id

229 1637 501 1698 maxime
551 1656 587 1698 a
633 1633 815 1697 nobis
875 1633 1048 1718 quod
1109 1656 1249 1697 eum
1310 1636 1375 1697 in
1423 1634 1708 1720 partibus
1756 1634 1880 1698 illis
1928 1634 2041 1698 diu
2086 1642 2410 1698 versatum
2455 1635 2782 1717 regionum
2831 1642 2898 1697 et

231 1739 553 1805 hominum
633 1763 879 1804 morum
960 1740 1209 1825 plenam
1282 1740 1516 1805 habere
1587 1764 1919 1805 censemus
1996 1741 2506 1805 informationem
2585 1741 2753 1824 [cum
2832 1749 2898 1803 et

232 1847 401 1912 illum
470 1847 656 1911 nobis
704 1849 830 1911 tuis
878 1847 1076 1910 literis
1137 1847 1724 1932 commendaverisl.
1796 1847 1910 1912 sed
1957 1871 2102 1912 cum
2161 1850 2225 1910 in
2286 1846 2895 1932 Circumspectionis

232 1953 403 2020 Tuae
450 1952 791 2041 prudentia
832 1963 897 2018 et
940 1957 1315 2019 auctoritate
1363 1963 1605 2019 tantiun
1654 1957 1793 2041 spei
1839 1978 2218 2041 reponamus
2266 1965 2568 2041 quantum
2615 1954 2722 2018 illa
2769 1956 2897 2018 sin-

159 2068 217 2120 15
232 2061 551 2145 gularibus
598 2062 732 2125 suis
792 2062 1136 2125 virtutibus
1198 2063 1567 2126 commerita
1625 2071 1753 2139 est,
1822 2060 2109 2126 dolemus
2180 2085 2321 2126 eam
2388 2063 2452 2125 in
2520 2069 2734 2126 tantae
2802 2063 2896 2125 rei

233 2177 465 2254 quanta
532 2168 691 2232 haec
762 2177 859 2231 est
928 2169 1252 2231 curatione
1324 2168 1403 2233 ab
1475 2167 1697 2233 eodem
1777 2191 1926 2251 rege
2006 2168 2334 2233 absentem
2406 2191 2562 2233 esse.
2681 2171 2896 2254 itaque

236 2273 497 2339 eandem
557 2274 1212 2360 circumspectionem
1273 2274 1477 2339 Tuam
1552 2276 1879 2340 hortamur
1947 2284 2017 2339 ut
2081 2275 2206 2340 Dei
2269 2283 2334 2340 et
2406 2284 2623 2340 nostra
2676 2276 2896 2361 tuique

235 2382 427 2446 officii
476 2404 669 2446 causa
713 2381 795 2446 ad
843 2380 1113 2446 eundem
1158 2404 1401 2465 regem,
1460 2384 1515 2446 si
1563 2381 1628 2446 id
1677 2381 2009 2446 commode
2055 2383 2271 2447 facere
2332 2384 2573 2468 possiS‚
2633 2391 2696 2446 te
2744 2405 2896 2445 con-

235 2489 431 2568 feras;
477 2487 653 2574 quod
698 2490 751 2553 si
787 2489 1042 2553 efficere
1090 2511 1216 2552 non
1249 2488 1461 2554 valeas
1495 2493 1557 2570 ¹),
1602 2492 1833 2575 ipsum,
1879 2489 2032 2554 licet
2077 2489 2331 2554 stimulo
2361 2512 2487 2553 non
2537 2511 2721 2573 egere
2767 2512 2894 2553 non

156 2594 617 2675 20dubitemus,
663 2595 862 2660 literis
912 2604 978 2660 et
1023 2597 1258 2660 nuntiis
1306 2595 1388 2661 ad
1435 2596 1555 2660 hoc
1603 2619 1764 2683 opus
1814 2619 2036 2683 urgeas
2077 2605 2141 2662 et
2186 2597 2488 2662 sollicites
2537 2604 2603 2661 et
2647 2606 2894 2662 nostras

242 2705 372 2788 pias
434 2705 717 2768 actiones
778 2712 889 2767 tuo
951 2703 1218 2767 consilio
1276 2703 1501 2768 favore
1561 2714 1625 2768 et
1686 2706 1890 2786 gratia
1950 2702 2332 2789 coadjuvare
2381 2704 2540 2768 velis
2554 2752 2571 2783 ,
2617 2706 2784 2768 sicut
2830 2706 2894 2767 in

239 2820 299 2874 tc
354 2809 729 2874 confidimus
792 2819 858 2874 et
912 2809 1081 2875 idem
1140 2821 1359 2874 noster
1416 2812 1671 2875 nuntius
1727 2810 1906 2875 Tuae
1968 2809 2541 2897 Circumspectioni
2601 2810 2894 2875 diffusius

238 2917 487 2982 referet.

412 3023 653 3089 Datum
697 3023 941 3088 Romae
993 3034 1076 3089 10
1122 3024 1428 3089 februarii
1480 3033 1646 3091 1535
1694 3047 1860 3089 anno
1907 3027 2129 3110 primo.
2913 3018 2975 3073 F
2978 3019 3055 3074 br·
3098 3030 3173 3080 10

156 3136 221 3189 2²>
2408 3131 2682 3196 Blossius·

236 3316 297 3387 c)
344 3308 474 3373 Bei
520 3309 645 3375 den
690 3308 1097 3390 Kurfiirsten
1145 3309 1250 3373 des
1309 3308 1641 3374 deutschen
1692 3309 1942 3375 Reichs,
2033 3310 2197 3374 1535
2241 3309 2539 3375 Februar
2584 3313 2666 3372 10
2712 3310 2894 3374 Rom.
2913 3311 3059 3367 Fbr.
3095 3314 3165 3366 10

376 3435 500 3489 Am
533 3434 694 3502 Rom,
733 3433 899 3488 Arch.
950 3432 1073 3488 Vat.
1112 3434 1264 3488 Arm.
1304 3435 1374 3490 40
1412 3434 1534 3489 Vol.
1572 3435 1644 3489 50
1681 3434 1776 3489 fol.
1813 3435 1955 3489 310⁸
1990 3452 2072 3489 nr.
2110 3434 2215 3489 327
2256 3434 2415 3490 Cone.

414 3557 817 3624 Electoribus
863 3558 1134 3623 insimul.

414 3664 669 3731 Dilecte
714 3664 801 3728 fili
847 3673 1065 3730 noster
1090 3667 1156 3748 ²),
1202 3665 1600 3730 venerabiles
1646 3665 1877 3730 fratres
1906 3666 1952 3747 ⁸)
2003 3675 2069 3730 et
2114 3664 2334 3730 dilect-i
2377 3665 2488 3730 filii
2516 3670 2564 3747 ⁴)
2612 3666 2897 3731 salutem.

158 3778 224 3832 30
416 3773 903 3859 Quamprimum
959 3771 1043 3836 ad
1088 3774 1315 3837 summi
1364 3772 1756 3858 apostolatus
1804 3774 2070 3859 apicem,
2114 3774 2206 3837 ita
2240 3771 2384 3837 Deo
2432 3797 2470 3837 a
2514 3796 2640 3860 quo
2688 3775 2900 3838 omnia

242 3878 517 3964 pendent
546 3879 828 3958 volente,
873 3881 1182 3965 assumpti
1222 3880 1479 3959 fuimuS,
1526 3878 1886 3944 universale
1927 3879 2284 3959 concilium,
2331 3879 2504 3966 quod
2549 3880 2898 3945 remedium

240 3984 319 4049 ad
388 3985 699 4051 tollendas
769 3987 835 4049 in
893 3995 1114 4051 sancta
1172 3985 1297 4051 fide
1357 3986 1788 4051 dissensiones
1849 3994 1915 4051 et
1972 3986 2270 4072 periculis
2330 3987 2712 4052 christianae
2776 3991 2900 4052 rei-

258 4268 265 4275 .
386 4215 431 4283 ¹)
469 4217 577 4273 Die
612 4218 1038 4288 wrsprsmqliche
1072 4218 1333 4287 zhssunq
1370 4218 1463 4273 des
1491 4219 1754 4286 Concepts
1791 4219 2004 4274 enthdlt
2039 4218 2131 4273 die
2156 4219 2345 4273 striae
2381 4218 2644 4288 Weisuny
2681 4238 2757 4275 an
2794 4220 2901 4275 den

244 4307 529 4376 cardinal,
563 4309 683 4364 sich
718 4307 918 4362 wieder
967 4325 1043 4361 cm
1091 4307 1203 4362 den
1237 4307 1370 4374 Hot‘
1406 4308 1499 4363 des
1534 4307 1760 4377 Koniqs
1794 4326 1866 4362 zu
1913 4308 2155 4377 beyeben.
2231 4307 2515 4374 (Dersezbe
2559 4307 2802 4364 erscht'en
2835 4309 2901 4363 in

163 4395 340 4454 35der
378 4396 518 4451 Thac
564 4397 693 4452 dart
738 4414 829 4450 am
874 4400 954 4451 20
990 4397 1155 4451 Mc'irz
1203 4397 1329 4451 lant
1377 4398 1670 4453 Contarini
1716 4398 1882 4452 Mdv-z
1916 4401 2025 4452 23:
2087 4396 2343 4471 Venediy,
2383 4396 2530 4453 Bibl.
2561 4398 2742 4454 Marc.
2782 4397 2897 4453 ital.

245 4485 311 4540 cl.
348 4484 462 4540 VII
497 4487 613 4542 cod
651 4487 758 4541 802
794 4485 888 4541 fol.
926 4484 1257 4551 57⁸—58⁸.)

385 4572 433 4643 ’)
471 4575 686 4630 Ani-ede
720 4592 801 4629 an
837 4574 949 4630 den
984 4574 1258 4631 Cardinal
1292 4592 1396 4631 von
1430 4575 1642 4630 Mainz.

388 4660 435 4732 Η)
471 4664 563 4717 An
598 4665 689 4719 die
724 4664 959 4734 abriym
989 4664 1313 4733 yeistlichen
1347 4663 1709 4730 Kuv·t‘22a·8tcn

388 4750 436 4821 ⁴)
474 4753 564 4807 An
597 4754 690 4810 die
727 4752 1247 4821 Laienkurftmten
