3500 5300
1401 334 1501 390 No.
1542 336 1636 390 1¹¹¹:
1674 335 1832 391 1536.
2843 332 2949 394 3823

292 530 724 615 superioribus
771 530 1173 616 pontificibus
1220 555 1335 624 pro
1382 533 1653 596 ecclesie
1713 532 2201 598 necessitatibus
2263 536 2480 618 majori
2530 556 2609 598 ex
2657 543 2839 619 parte
2886 536 2953 598 in
3006 535 3146 586 1536

291 637 448 701 alios
494 638 739 702 traslati
787 647 952 717 sunt,
997 660 1185 722 quem
1214 641 1261 718 ⁸)
1309 639 1631 702 Romanus
1681 639 1970 724 pontifex
2019 662 2275 703 servare
2320 648 2599 703 tenetur:
2662 640 2700 703 l.
2760 639 2954 724 digna

292 766 418 806 vox
466 743 539 808 C.
587 743 667 808 de
713 743 960 828 legibus
994 749 1035 825 ¹)
1083 766 1136 809 c.
1188 757 1243 810 1.
1291 743 1370 808 de
1417 745 1661 831 probat.
1753 749 1860 831 qui
1923 748 1975 808 si
2037 745 2225 810 fidem
2271 746 2554 824 falleret,
2615 747 2952 833 plurimum

292 851 681 937 amplissime
728 850 1086 916 detraheret
1135 851 1431 935 dignitati
1478 861 1543 915 et·
1587 854 1653 915 in
1684 863 2004 938 posterum
2050 853 2344 918 deessent
2392 856 2497 939 qui
2548 876 2726 918 suam
2773 856 2950 940 sequi

239 958 528 1025 5vellent
574 957 765 1023 fidem
812 967 876 1021 et
922 960 1056 1044 ejus
1104 958 1443 1023 subvenire
1489 960 1997 1025 necessitatibus.

470 1065 801 1151 Objiciunt
832 1088 1049 1130 rursus
1086 1066 1190 1131 alii
1227 1088 1350 1131 non
1379 1066 1722 1131 solvendos
1748 1066 1991 1131 medios
2019 1066 2281 1146 fruct-us,
2305 1067 2476 1153 quod
2499 1067 2766 1133 Ntuneri
2801 1078 2875 1134 18
2906 1071 2952 1150 ²)

292 1172 624 1237 habeatur:
674 1172 828 1237 nihil
876 1172 1048 1237 aliud
1096 1173 1472 1259 possideant-
1502 1175 1682 1238 Aron
1727 1185 1793 1237 et·
1838 1175 1948 1238 filii
1998 1177 2152 1260 ejuS,
2199 1174 2585 1239 decimarum
2632 1174 2953 1240 oblatione

292 1283 592 1360 contenti,
637 1303 794 1366 quas
842 1283 908 1344 in
954 1303 1104 1345 usus
1153 1303 1369 1344 eorum
1416 1291 1483 1344 et
1529 1283 1888 1346 necessaria
1917 1284 2272 1368 preparavi.
2351 1290 2415 1346 et
2462 1282 2656 1347 infra:
2706 1283 2954 1346 locut-us

295 1395 391 1450 cst
451 1386 742 1452 dominus
790 1386 873 1452 ad
918 1387 1211 1472 Moysem
1241 1390 1314 1467 3);
1376 1390 1633 1473 precipe
1680 1388 1932 1452 Levitis
1994 1398 2181 1473 atque
2253 1388 2574 1468 demmtia,
2643 1411 2786 1453 eum
2851 1411 2956 1454 ac-

209 1509 276 1563 10
295 1497 591 1581 ceperitis
663 1517 701 1559 a
766 1495 909 1558 filiis
980 1495 1179 1559 Israel
1250 1493 1528 1559 decimas
1597 1518 1753 1580 quas
1835 1495 1984 1560 dedi
2056 1495 2240 1560 vobis
2268 1545 2282 1572 ,
2358 1498 2669 1581 primitias
2740 1518 2954 1560 eorum

296 1601 518 1666 offerte
566 1601 841 1680 dominc,
889 1602 953 1665 id
1002 1612 1099 1664 est
1147 1602 1457 1666 decimam
1517 1611 1764 1688 partem
1810 1601 2090 1682 decime,
2148 1612 2220 1666 ut
2273 1612 2602 1688 reputetur
2646 1602 2832 1667 vobis
2891 1604 2953 1666 in

296 1708 613 1773 oblatione
657 1710 1095 1794 primitiarum,
1141 1719 1270 1772 tam
1317 1708 1399 1772 de
1446 1711 1607 1773 areis
1655 1732 1845 1795 quam
1878 1708 1959 1774 de
1990 1709 2439 1788 torcularibus,
2488 1719 2552 1774 et·
2591 1710 2670 1774 de
2703 1711 2955 1773 univer-

298 1818 385 1880 sis
433 1838 696 1902 quorum
763 1817 1050 1902 accipitis
1111 1818 1421 1902 primitias
1482 1814 1706 1880 offerte
1765 1815 2022 1881 domino
2084 1825 2149 1881 et
2208 1816 2356 1882 date
2403 1838 2479 1881 ea
2528 1819 2702 1881 Aron
2747 1839 2957 1882 sacer-

298 1923 430 1988 doti
465 1949 582 2004 —;
629 1927 807 2010 quasi
840 1946 1084 1987 summo
1117 1923 1432 1988 sacerdoti
1466 1922 1824 1988 debeantur
1854 1923 2100 1988 decime
2132 1923 2539 2003 decimarum,
2586 1946 2712 1987 non
2744 1933 2954 1989 autem

213 2043 278 2098 15
298 2030 492 2095 medii
550 2030 794 2094 fructus
856 2033 1219 2095 vacantium
1282 2030 1736 2095 benefitiorum.
1829 2054 2096 2115 quorum
2159 2030 2408 2116 objecta
2471 2030 2830 2096 refellemus
2879 2053 2956 2094 ex

297 2161 373 2200 co
419 2137 591 2223 quod
637 2137 987 2202 mediorum
1035 2137 1352 2202 fructuum
1401 2138 1634 2201 solutio
1680 2138 1822 2202 loco
1856 2138 2100 2202 decime
2145 2138 2532 2203 decimarum
2564 2148 2957 2220 sturogatun

297 2247 450 2329 quin
496 2247 709 2331 potius
756 2244 1124 2309 dicendum:
1175 2247 1227 2308 si
1265 2267 1511 2309 summo
1559 2245 1869 2310 sacerdoti
1921 2245 2166 2310 decime
2212 2244 2526 2310 debentur
2571 2244 2958 2310 decimarum

298 2354 478 2415 annis
539 2353 803 2435 singulis
825 2401 840 2429 ,
909 2352 1107 2416 multo
1165 2355 1367 2436 magis
1438 2354 1714 2438 quinque
1784 2375 2089 2417 annorum
2158 2352 2521 2428 dumtaxat,
2580 2354 2697 2416 etsi
2760 2354 2963 2437 major

301 2459 569 2524 debetur
626 2482 897 2538 summa,
950 2459 1287 2523 multorum
1345 2459 1591 2524 scilicet«
1649 2482 1955 2524 annormn
2012 2458 2283 2539 decime,
2342 2467 2579 2545 quanto
2639 2462 2841 2544 magis
2898 2470 2958 2523 et

210 2578 281 2632 20
298 2569 608 2652 quinque;
655 2589 774 2631 nec
821 2577 948 2631 tani
993 2569 1206 2649 gravis
1255 2589 1394 2630 esse
1426 2565 1619 2630 debet
1649 2568 2020 2653 anticipatio
2053 2588 2393 2653 paucorum
2435 2589 2740 2631 annormn
2771 2589 2962 2653 quam

299 2684 479 2760 grata
522 2674 793 2761 plurium
844 2676 1148 2739 remissio,

478 2781 823 2866 Insurgunt
869 2792 934 2845 et
979 2782 1084 2846 alii
1132 2780 1293 2846 hanc
1342 2781 1690 2846 mediorum
1740 2783 2062 2845 fructuum
2102 2784 2498 2847 exactionem
2533 2785 2960 2867 symoniacam

303 2913 524 2976 sapere
586 2876 994 2975 pravitatem,
1057 2888 1228 2975 quod
1282 2891 1529 2953 nonnisi
1592 2888 1692 2953 his
1754 2889 1979 2953 solutis
2040 2888 2270 2953 dentur
2330 2890 2677 2975 apostolice
2735 2890 2960 2967 littere,

302 2999 440 3061 sine
499 2996 729 3082 quibus
789 2996 1223 3061 benefitiorum
1286 2999 1749 3081 possessionem
1812 2997 1955 3081 quis
2002 2995 2272 3082 adipisci
2319 3019 2445 3059 non
2502 3006 2745 3083 potest:
2815 3019 2958 3061 cum

212 3114 286 3169 25
305 3108 357 3168 is
404 3106 509 3189 qui
559 3106 761 3190 pretio
809 3103 921 3168 dat
966 3106 1103 3168 sine
1148 3126 1273 3188 quo
1320 3101 1587 3167 alterum
1632 3125 1760 3168 non
1820 3105 2151 3188 provenit,
2210 3112 2502 3166 neutrum
2561 3104 2958 3170 invenditum

302 3211 584 3297 reliquit:
634 3234 686 3276 c.
719 3213 773 3276 si
807 3213 948 3297 quis
995 3210 1302 3297 objecerit
1330 3214 1407 3291 ⁴);
1453 3220 1519 3274 et
1547 3233 1602 3275 c·
1634 3210 1931 3275 Salvator
1968 3222 2024 3276 1.
2057 3234 2115 3296 q.
2148 3221 2186 3276 3
2217 3212 2283 3290 ⁶).
2343 3209 2457 3273 sed
2503 3209 2809 3275 falluntur
2855 3213 2959 3275 isti

304 3341 612 3404 suumque
660 3328 1075 3401 agnoscerent
1120 3340 1423 3396 errorem,
1469 3320 1520 3381 si
1569 3317 1904 3381 formulam
1952 3318 2393 3382 consitutionis
2440 3317 2770 3381 solutionis
2833 3342 2964 3382 me-

304 3425 549 3490 diorum
621 3425 941 3489 fructuum
997 3424 1362 3509 diligentius
1421 3426 1826 3510 inspicerent.
1891 3433 2137 3489 constat
2198 3426 2364 3488 enim
2424 3446 2549 3487 non
2608 3424 2962 3510 prefectum

305 3532 603 3610 ecclesie,
663 3531 778 3595 scd
838 3535 1043 3618 ipsam
1089 3532 1451 3610 ecclesiam,
1498 3539 1834 3616 antequam
1883 3533 2024 3616 quis
2085 3534 2143 3595 ei
2201 3532 2593 3616 preficiatur,
2654 3531 2735 3596 ad
2796 3532 2964 3597 solu-

214 3642 541 3704 30tionem
589 3639 872 3722 obligari,
918 3662 1061 3704 cum
1094 3649 1359 3703 cavetur
1403 3637 1575 3724 qnod
1620 3637 1701 3702 de
1734 3638 2111 3702 vacantibus
2159 3636 2445 3701 ecclesiis
2476 3638 2668 3703 medii
2715 3639 2962 3703 fructus

306 3769 552 3811 camere
622 3746 966 3833 apostolice
1034 3745 1416 3824 debeantur,
1475 3748 1692 3830 sieque
1757 3768 1837 3809 ex
1895 3747 2035 3830 ipso
2107 3747 2458 3809 vacationis
2528 3744 2630 3808 die
2696 3747 2796 3830 jus
2867 3756 2962 3810 est

305 3857 609 3939 quisitum
654 3853 1001 3939 apostolice
1047 3876 1310 3919 camere.
1399 3862 1735 3938 propterea
1783 3851 1913 3917 dici
1957 3874 2082 3915 non
2128 3860 2344 3938 potest·
2390 3875 2528 3916 eam
2585 3852 2962 3917 solutionem

306 3963 439 4025 {ieri
485 3964 729 4026 ratione
774 3960 1192 4048 prefectionis
1238 3972 1304 4023 et·
1362 3958 1696 4024 celationis
1759 3959 2069 4037 benefitii,
2129 3958 2211 4023 ad
2267 3961 2526 4044 ejusque
2588 3959 2961 4023 solutionem

307 4071 557 4151 cogitur
602 4072 711 4154 qui
757 4069 1098 4153 preficitur,
1144 4070 1307 4131 sicut
1358 4076 1419 4130 et
1468 4075 1798 4149 cogeretur
1844 4065 1926 4129 ad
1972 4066 2352 4130 solutionem
2406 4065 2763 4130 debitortun
2823 4089 2964 4153 pre-

502 4200 579 4205 ff·
620 4200 629 4205 -.
650 4198 839 4205 ψ--

218 4246 290 4301 35
447 4274 491 4307 a»
524 4264 619 4307 tw.
650 4275 788 4313 quam.

454 4373 494 4429 ¹)
533 4374 589 4427 C.
627 4373 670 4427 I
700 4374 787 4427 tit.
829 4377 891 4426 14
931 4374 965 4426 l.
1006 4376 1056 4426 4.

448 4458 490 4525 ¹)
528 4466 561 4515 4
584 4462 723 4517 Mos.
767 4466 835 4515 18
869 4479 916 4515 v.
955 4466 1118 4532 20sq.

456 4552 496 4607 ³)
535 4552 724 4606 4Mos.
768 4556 841 4605 18
876 4568 923 4605 v.
961 4556 1152 4620 2581111·

451 4639 997 4709 ⁴)c.70.1q.3.

221 4731 291 4783 40
455 4729 991 4799 ⁵›c.80.1q.3.
