3500 5300
636 351 746 417 222
1416 359 1516 415 No,
1554 361 1794 415 61-62:
1835 360 1972 415 1537
2010 359 2242 415 Oktober
2283 361 2522 414 12.—13.

425 559 597 654 1537‘
812 556 1184 641 Monsignor
1230 557 1356 622 mio
1388 555 1618 621 hon¹¹¹⁰z
1664 556 1712 621 11
1757 556 2068 622 desiderio
2114 559 2242 622 mio
2288 558 2325 621 ὲ
2357 578 2601 642 sempre
2633 563 2795 621 stato
2827 556 3289 642 promptissimo

394 627 509 680 ΟΜ·
548 632 616 681 ²⁶³
635 664 702 728 di
747 664 983 728 servire
1029 661 1093 727 13
1138 663 1387 729 Santitb.
1430 663 1496 736 (11
1542 663 1774 729 Nostro
1805 663 2090 750 Sigmre,
2135 672 2200 729 et
2243 687 2309 729 se
2353 663 2412 729 le
2457 664 2626 728 forze
2669 662 2911 727 fuseero
2957 670 3122 727 state
3155 686 3288 727 eon-

634 773 831 835 forme
877 769 1001 834 alla
1047 769 1328 852 voluntis,
1376 793 1444 834 so
1491 778 1662 835 certo
1710 770 1826 835 che
1873 772 2004 836 Sua
2048 771 2296 838 Santitiz
2339 771 2394 834 si
2440 768 2820 835 trovarebbe
2865 770 3288 834 ottimamente

635 880 867 943 servite
911 878 996 943 (13
1042 900 1175 961 me3
1221 871 1599 942 nondimeno
1630 877 1864 964 perche
1911 886 2091 964 parte
2135 880 2196 943 io
2243 900 2355 943 son
2399 900 2558 964 poco
2604 885 2774 963 apte,
2819 886 3001 963 parte
3045 876 3106 941 10
3155 900 3288 942 eose

633 986 698 1050 (11
746 984 1094 1050 Germania
1161 1006 1315 1048 sono
1383 991 1558 1049 tanto
1629 985 1889 1050 confuse
1945 991 2011 1050 et
2065 984 2332 1050 adverse
2388 983 2514 1049 alla
2572 983 2721 1049 sede
2764 982 3145 1070 apostoliea,
3209 986 3288 1048 mi
3330 994 3357 1045 5

631 1116 901 1158 conoseo
947 1092 1180 1157 havere
1226 1114 1409 1179 perso
1466 1093 1511 1157 11
1570 1100 1780 1180 tempo
1828 1115 1948 1158 oon
1994 1092 2236 1178 grande
2294 1115 2480 1179 spesa
2537 1101 2600 1156 et
2656 1113 2845 1156 senza
2903 1091 3163 1156 servitio
3207 1090 3286 1155 31·

632 1205 796 1265 euno
842 1200 911 1265 di
955 1201 1086 1265 Sua
1130 1199 1572 1282 Beatitudine3
1617 1199 1662 1264 il
1708 1200 1941 1286 perche
1987 1223 2116 1264 non
2161 1201 2198 1265 e
2245 1198 2508 1286 bisogno
2555 1200 2635 1263 ne
2680 1197 2940 1264 honesto
2989 1197 3156 1264 ch’io
3201 1198 3283 1262 di·

632 1308 867 1372 manda
911 1308 1413 1372 remuneratione
1460 1308 1524 1372 di
1572 1317 1793 1394 questa
1838 1309 1969 1372 mia
2013 1309 2287 1390 servitii,
2333 1330 2441 1371 ma
2486 1308 2522 1372 ὸ
2567 1307 2980 1372 conveniente
3025 1304 3145 1371 che
3189 1329 3283 1370 οο-

629 1414 1033 1480 noseendomi
1092 1437 1252 1502 poco
1311 1413 1462 1479 utile
1509 1437 1632 1479 non
1680 1413 1876 1479 lascia
1919 1415 2031 1501 pin
2078 1413 2241 1479 oltra
2284 1414 2399 1479 ohe
2446 1413 2578 1480 Sua
2623 1412 2873 1480 Santitb.
2915 1414 3068 1478 resti
3114 1414 3283 1499 inga-

628 1531 780 1587 nata
824 1530 886 1586 et
930 1523 1095 1587 facia
1140 1521 1202 1587 13
1247 1544 1429 1608 spese
1472 1521 1758 1586 indarno.
1851 1523 2001 1608 pero
2047 1544 2164 1608 per
2206 1530 2429 1609 questa
2475 1543 2669 1586 causa
2714 1528 2776 1584 et
2819 1542 2935 1606 per
2979 1519 3044 1584 13
3090 1529 3354 1586 mortem

628 1627 728 1693 (101
775 1636 957 1694 conte
1004 1628 1283 1694 Antonio
1340 1630 1467 1693 mio
1526 1627 1773 1693 fratello
1786 1677 1803 1710 ,
1864 1627 2050 1715 quale
2114 1628 2180 1693 di
2239 1650 2398 1715 poco
2458 1631 2564 1692 eth.
2619 1629 2944 1713 maggiore
2991 1627 3058 1691 di
3105 1615 3206 1692 me
3247 1651 3282 1691 3

627 1737 829 1824 questi
876 1736 943 1800 (11
989 1758 1195 1818 morse
1240 1743 1303 1801 et
1348 1735 1433 1800 ha
1489 1734 1750 1800 laseiato
1812 1743 1970 1800 tutte
2027 1734 2086 1800 le
2146 1758 2287 1800 cose
2348 1744 2558 1800 nostre
2619 1757 2808 1800 senza
2852 1733 3083 1799 alcuno
3130 1736 3281 1820 regi·

627 1852 838 1908 mento
884 1865 1002 1908 con
1049 1841 1113 1907 13
1157 1852 1358 1908 matre
1389 1842 1585 1907 vidua
1629 1850 1696 1907 et
1740 1842 1806 1907 di
1837 1851 2133 1929 provetta
2177 1845 2280 1907 013
2325 1851 2388 1907 et
2432 1865 2558 1907 uno
2605 1840 2850 1906 fratello
2895 1840 2997 1906 nel
3041 1843 3280 1910 fervore

626 1949 790 2014 della
821 1952 1144 2035 gioventix,
1193 1957 1432 2037 quanto
1477 1972 1662 2036 posso
1707 1972 1905 2036 prego
1955 1949 2029 2013 V.
2062 1950 2125 2016 S.
2174 1952 2237 2013 in
2285 1972 2470 2015 nome
2516 1951 2641 2014 mio
2687 1947 2901 2034 voglia
2930 1949 3280 2035 supplicare

623 2081 662 2122 3
710 2059 841 2121 Sua
887 2057 1133 2122 Santitb.
1178 2059 1228 2120 si
1276 2056 1465 2142 degni
1527 2056 1922 2121 eoncedermi
1983 2056 2154 2122 bona
2210 2056 2464 2121 lieentia
2525 2055 2685 2121 ch'io
2742 2079 2933 2142 possa
2977 2058 3280 2122 ritornare
3302 2062 3351 2114 ¹5
3471 2051 3472 2064 ³

623 2168 688 2229 in
735 2163 950 2247 ltalia,
996 2163 1226 2250 perche
1279 2167 1498 2229 invero
1545 2186 1612 2228 se
1655 2162 1903 2229 l'essere
1948 2165 2074 2229 mio
2135 2166 2243 2252 qui
2302 2165 2470 2229 fusse
2515 2187 2635 2229 oon
2681 2163 2876 2228 frutto
2920 2171 2986 2228 et
3030 2165 3278 2230 servitio

623 2273 688 2337 (11
720 2272 850 2338 Sua
879 2271 1299 2352 Beatitudine‚
1345 2270 1668 2336 laseiando
1714 2273 1971 2336 ruinare
2017 2277 2176 2336 tutte
2206 2270 2411 2358 quelle
2455 2270 2657 2358 poche
2699 2269 2962 2358 reliquie
3008 2270 3099 2336 dil
3144 2293 3277 2336 san-

621 2402 745 2464 gue
789 2378 853 2443 di
901 2401 1048 2443 oasa
1092 2380 1221 2442 mia
1279 2376 1395 2443 ohe
1452 2379 1519 2442 vi
1578 2400 1730 2443 sono
1790 2380 2048 2444 rimante
2105 2401 2296 2443 senza
2354 2378 2491 2443 fare
2550 2400 2679 2443 una
2737 2378 3002 2442 minima
3044 2376 3276 2464 parole,

621 2484 1151 2572 perseverarebbe
1197 2487 1262 2549 in
1317 2494 1570 2572 quest03
1632 2507 1735 2548 ma
1794 2507 1915 2550 ove
1960 2508 2087 2551 non
2135 2486 2171 2550 ὲ
2227 2485 2274 2549 11
2331 2487 2587 2550 servitio
2634 2485 2699 2550 di
2746 2485 2880 2550 Sua
2922 2484 3177 2550 Santitb.
3216 2494 3275 2549 et

620 2593 816 2659 molta
860 2617 977 2659 sua
1021 2615 1205 2680 spese
1249 2595 1588 2679 congionta
1633 2614 1751 2658 oon
1797 2594 1926 2659 mio
1978 2593 2397 2679 grandissimo
2443 2592 2655 2659 denno
2700 2601 2765 2658 et
2809 2593 3111 2659 continuo
3155 2596 3352 2657 tus-20

618 2700 828 2787 vaglio
874 2701 940 2765 di
986 2708 1214 2783 mente,
1260 2701 1338 2765 V.
1386 2701 1448 2766 S.
1495 2699 1658 2766 debe
1710 2701 1897 2765 farmi
1955 2701 2090 2766 fare
2135 2708 2360 2789 questa
2402 2703 2642 2787 gratia,
2701 2699 2869 2767 della
2925 2700 3114 2789 quale
3169 2722 3271 2765 ex·

618 2808 1005 2896 pettandone
1052 2831 1171 2873 con
1229 2807 1541 2873 desiderio
1600 2809 1872 2895 risposta
1929 2810 2169 2874 restari>
2229 2815 2405 2874 tanto
2466 2807 2746 2895 obligato
2792 2831 2833 2872 3
2878 2807 3088 2896 quella
3131 2816 3196 2873 et
3236 2831 3274 2872 3

617 2916 749 2982 Sua
791 2916 1194 2981 Beatitudine
1239 2937 1417 2980 come
1462 2916 1572 2980 s'io
1618 2914 1883 2980 havesse
1927 2922 2209 2981 ottenuto
2255 2914 2405 3002 qual
2452 2917 2503 2981 si
2550 2915 2763 3001 voglia
2806 2915 3127 3001 singulare
3170 2914 3270 2979 ho·

617 3045 770 3088 nore
829 3029 892 3087 et
949 3022 1384 3088 emolumento.
1478 3029 1541 3087 et
1597 3022 1832 3110 perche
1891 3046 2159 3089 0030300
2216 3023 2280 3087 13
2336 3022 2674 3109 prudentia
2734 3022 2799 3087 di
2847 3022 2924 3088 V.
2973 3022 3034 3089 S.
3083 3031 3147 3088 et
3189 3024 3268 3087 mi

618 3129 867 3196 confido
915 3128 1001 3194 dil
1050 3152 1163 3195 suo
1211 3129 1339 3195 bon
1384 3130 1595 3195 animo
1641 3152 1824 3195 verso
1884 3129 1949 3194 di
2006 3152 2140 3214 me,
2201 3152 2384 3217 spero
2443 3129 2599 3195 ohe’l
2661 3137 2823 3196 tutto
2870 3133 3192 3217 exponere
3232 3130 3345 3194 8⁸25

616 3238 747 3303 Sua
792 3237 1194 3302 Beatitudine
1249 3239 1316 3301 in
1376 3236 1464 3301 tal
1523 3237 1711 3302 modo
1771 3237 1891 3303 ohe
1945 3238 2009 3303 13
2069 3237 2236 3303 bona
2292 3237 2558 3303 volunth
2612 3239 2742 3303 mia
2797 3240 3043 3303 restare,
3099 3260 3268 3303 come

614 3368 744 3409 una
801 3345 965 3410 nella
1022 3353 1236 3410 mente
1293 3344 1359 3409 di
1406 3346 1539 3410 Sua
1583 3345 1831 3410 Santith
1889 3351 1951 3409 et
2015 3344 2058 3410 il
2116 3352 2280 3410 tutto
2343 3344 2651 3410 atribuirh
2705 3345 2827 3410 alle
2872 3368 3023 3410 vere
3068 3354 3131 3411 et
3173 3368 3266 3410 ur-

614 3460 801 3538 gente
844 3453 1091 3537 ragioni
1137 3452 1204 3517 di
1250 3474 1439 3538 sopra
1483 3454 1712 3518 scritto.
1806 3454 1887 3517 ne
1933 3451 2095 3517 altro
2140 3457 2244 3517 etc.

370 3552 489 3607 Okt.
527 3557 596 3609 12
792 3558 879 3623 Di
928 3559 1178 3624 Vienna
1221 3558 1331 3623 alli
1381 3569 1460 3626 12
1510 3559 1576 3624 (11
1620 3558 1868 3625 ottobre
1918 3569 2106 3627 1537.

369 3767 487 3821 Okt
525 3772 593 3823 13
611 3773 725 3841 62.
817 3772 1087 3839 Morene
1130 3794 1222 3838 an
1267 3772 1628 3840 Rioalcati:
1673 3773 1977 3856 Ankunft
2021 3775 2194 3839 eines
2238 3772 2524 3839 Kuriers
2567 3794 2690 3839 aus
2739 3772 3050 3855 Spaniam.
3136 3773 3261 3839 Ab·
3277 3772 3342 3825 30

608 3879 771 3945 sicht
816 3882 924 3945 des
970 3879 1245 3946 Kaisers
1288 3902 1434 3946 zum
1464 3879 1793 3964 Ενᾱῆῐὶηρ
1835 3882 1910 3946 in
1952 3881 2394 3962 umfassender
2435 3881 2645 3948 Weise
2687 3902 2771 3946 zu
2814 3886 3150 3947 rusten—
3177 3879 3263 3944 sei

610 4006 673 4051 es
714 4008 904 4069 yeyen
950 3987 1068 4053 den
1121 3987 1389 4066 Tiirken,
1434 3988 1530 4053 sei
1574 4008 1638 4053 es
1679 4008 1872 4071 yeyen
1918 3988 2333 4054 Frankreich.
2425 3989 2690 4054 Absicht
2737 3987 2825 4054 K.
2858 3986 3260 4055 Fordimnds

625 4094 901 4176 Venediy
960 4116 1166 4178 weyen
1211 4095 1616 4159 Abschlusses
1661 4096 1836 4160 eines
1895 4097 2131 4178 ewiyen
2193 4095 2820 4161 Tarkenbiindnisses
2880 4097 2999 4161 mit
3055 4097 3257 4161 seim

609 4201 984 4267 Erblanden
1013 4223 1095 4267 zu
1125 4201 1500 4268 beschicken.
1568 4203 1753 4267 Nahe
1784 4203 2090 4268 Aussicht
2120 4203 2252 4284 auf
2283 4202 2818 4285 Friedensschlust
2847 4205 2923 4268 in
2968 4205 3254 4287 Unyarm·

626 4307 962 4374 Verhalten
1006 4309 1113 4373 des
1162 4310 1468 4374 Nuntius,
1557 4310 1726 4373 1537
1778 4309 2037 4375 Oldober
2077 4313 2162 4373 13
2222 4309 2425 4376 Wien.
3266 4304 3331 4359 35

749 4434 874 4488 Aus
910 4433 1143 4502 Parma,
1196 4433 1467 4489 Archivio
1514 4433 1576 4487 di
1622 4434 1780 4489 Stato
1814 4433 2111 4505 carteggio
2148 4433 2509 4500 Famesiano;
2564 4441 2734 4490 water
2780 4436 2903 4491 dem
2941 4438 3077 4493 Text
3109 4436 3248 4491 Rioc-

821 4531 955 4577 vuta
989 4539 1024 4577 3
1058 4523 1099 4577 11
1135 4524 1172 4577 4
1206 4523 1263 4576 (11
1299 4522 1607 4578 novembre.

363 4626 481 4681 Okt.
519 4630 588 4682 12
784 4629 969 4693 Hieri
1017 4630 1233 4694 sorissi
1280 4630 1340 4694 31
1387 4630 1579 4716 lungo
1627 4653 1665 4694 a
1710 4630 1801 4697 V.
1834 4630 1899 4696 S.
1946 4639 2012 4695 et
2056 4633 2142 4695 mi
2189 4631 2440 4697 scordai
2486 4631 2553 4697 di
2600 4631 2746 4697 dirh·
2793 4656 3005 4699 essere
3048 4636 3244 4720 gionto

359 4732 480 4802 31²²·
522 4736 590 4786 16
610 4758 734 4799 uno
780 4758 998 4801 corero
1045 4736 1110 4800 di
1158 4736 1476 4822 Espagna,
1521 4738 1707 4823 quale
1752 4743 1920 4824 parti
1965 4738 2073 4804 alli
2123 4749 2204 4807 16
2265 4738 2357 4804 dil
2401 4747 2676 4826 passato.
2767 4749 2833 4806 et
2876 4737 3242 4828 ragionando
