3500 5300
1373 353 1472 413 No.
1510 354 1612 412 1¹⁸¹:
1651 355 1807 414 1536.
2810 352 2922 417 843

265 550 513 637 legibus
557 576 717 639 opus
764 552 896 617 fuit.
988 550 1154 617 bone
1200 554 1367 617 enim
1429 552 1600 638 leges
1645 576 1727 618 ex
1789 553 1969 618 malis
2030 553 2309 618 moribus
2369 561 2503 618 orte
2562 563 2708 619 sunt
2720 606 2737 638 ‚
2798 578 2920 642 que
2976 560 3114 610 1536

259 670 473 724 tamen
516 682 598 724 ex
645 660 880 724 divinis
926 661 1239 746 preceptis
1283 641 1578 724 deducte·
1614 668 1676 725 et
1737 683 1820 724 ex
1880 659 1976 724 his
2039 669 2334 747 excerpte
2392 669 2539 725 sunt
2596 684 2709 747 per
2767 661 2921 746 legis

258 764 488 830 latores
514 769 585 850 ⁸).
1698 761 1707 766 ’

438 872 650 937 Minus
696 874 884 938 etiam
933 872 1113 937 obest
1161 873 1331 960 quod
1387 872 1660 938 habetur
1720 872 1933 959 Esaye
1985 884 2064 940 29
2101 873 2182 961 ¹):
2244 873 2513 960 populus
2574 873 2676 937 hic
2737 874 2920 938 labiis

202 999 357 1052 5me
403 977 691 1061 honorat,
737 1002 847 1044 cor
894 988 1103 1044 autem
1152 1002 1366 1044 eorum
1415 980 1602 1065 longe
1647 1003 1686 1044 a
1732 1003 1833 1045 me
1881 991 2006 1064 est3
2055 981 2186 1044 sine
2219 1003 2410 1045 causa
2456 990 2664 1045 autem
2708 980 2923 1045 colunt

256 1107 359 1150 me
404 1086 705 1150 docentes
752 1086 1071 1150 doctrinas
1115 1095 1179 1150 et
1207 1086 1511 1151 mandata
1554 1085 1878 1151 hominurn
1912 1112 2025 1169 —3
2073 1089 2371 1174 quoniam
2420 1087 2653 1152 dicitur
2698 1088 2775 1152 de
2809 1090 2913 1151 ini-

258 1194 397 1279 quis
429 1201 494 1257 et
537 1215 658 1284 que
688 1192 903 1257 divine
934 1193 1352 1258 adversantur
1397 1194 1537 1278 legi,
1584 1192 1800 1280 quales
1848 1201 2030 1258 erant
2061 1194 2507 1258 Phariseorum
2547 1196 2919 1272 sanctiones,

258 1297 489 1384 quibus
535 1299 882 1365 offerebant
928 1298 1161 1386 templo
1223 1322 1451 1386 panem
1514 1308 1576 1364 et
1636 1302 1889 1380 vinum,
1957 1307 2253 1386 parentes
2322 1323 2471 1364 vero
2542 1324 2686 1365 suos
2754 1301 2922 1364 fame

257 1406 473 1470 moriri
518 1404 952 1492 patiebantur,
1013 1406 1182 1493 quod
1243 1407 1458 1471 divine
1504 1407 1622 1492 legi
1686 1406 1766 1472 de
1830 1407 2209 1471 honorandis
2270 1405 2638 1492 parentibus
2698 1406 2920 1471 adver·

170 1531 240 1583 10
259 1521 448 1576 satur.
541 1522 923 1599 quapropter
968 1511 1201 1599 objecit
1248 1511 1535 1577 Christus
1582 1511 1934 1577 Phariseis:
1993 1535 2188 1599 quare
2248 1523 2309 1576 et
2369 1536 2482 1576 vos
2543 1513 2919 1599 transgredi-

259 1620 415 1683 mini
460 1620 763 1684 mandata
808 1618 930 1683 Dei
975 1627 1233 1706 propter
1278 1619 1677 1683 traditionem
1724 1628 2032 1683 vestram:
2082 1618 2231 1682 Mat.
2287 1631 2363 1684 15
2396 1622 2464 1701 ²).

439 1725 629 1805 Quod
676 1734 887 1791 autem
945 1726 1109 1790 dixit
1154 1726 1390 1790 Paulus
1437 1736 1494 1790 2.
1544 1725 1782 1790 Corint.
1833 1736 1870 1789 4
1901 1727 1985 1807 ³):
2050 1723 2157 1788 ubi
2204 1727 2456 1811 spiritus
2503 1725 2773 1805 domini,
2831 1724 2919 1788 ibi

258 1829 547 1914 libertas3
595 1841 658 1897 et
688 1832 769 1896 ad
803 1832 1067 1898 Galatas
1095 1834 1181 1918 ⁴):
1231 1833 1279 1895 si
1316 1833 1536 1917 spiritu
1568 1831 1889 1906 ducimini,
1938 1854 2064 1894 non
2113 1832 2262 1895 estis
2308 1831 2425 1896 sub
2472 1833 2609 1917 lege
2649 1871 2747 1912 —,
2795 1855 2919 1895 non

258 1939 465 2025 rejicit
509 1937 816 2003 humanas
862 1940 1352 2020 constitutiones,
1404 1940 1699 2025 quoniam
1749 1937 2011 2023 intelligi
2060 1937 2248 2002 debet
2311 1937 2389 2003 de
2434 1937 2572 2023 lege
2633 1936 2740 2001 illa
2788 1938 2921 2001 Mo-

170 2061 238 2115 15
258 2066 469 2129 sayca‚
518 2067 709 2131 quarn
757 2047 862 2132 qui
906 2045 1219 2134 observat,
1268 2067 1308 2109 a
1354 2046 1574 2131 spiritu
1608 2055 1828 2108 sancto
1875 2067 2000 2108 non
2047 2045 2303 2129 regitur.
2374 2055 2435 2108 et
2481 2043 2650 2131 quod
2684 2044 2920 2108 dicitur

265 2164 317 2215 1.
367 2150 594 2215 Timot.
650 2164 677 2217 1
713 2153 799 2236 ⁶):
849 2152 1025 2238 justo
1086 2175 1212 2215 non
1258 2158 1352 2216 est
1397 2150 1502 2215 lex
1548 2152 1771 2237 posita,
1820 2150 1930 2215 sed
1979 2151 2244 2237 injustis,
2305 2150 2383 2215 de
2429 2149 2567 2237 lege
2628 2152 2916 2214 coactiva

258 2255 519 2344 intelligi
567 2256 776 2341 debet,
823 2280 944 2344 que
991 2260 1211 2322 timore
1256 2279 1417 2344 pene
1463 2281 1502 2321 a
1548 2244 1712 2322 malo
1761 2266 2047 2321 coerceat
2093 2268 2155 2321 et
2201 2257 2282 2320 ad
2332 2255 2566 2320 bonum
2616 2255 2916 2343 impellat,

258 2385 380 2450 que
414 2364 589 2450 justo
636 2387 762 2429 non
808 2373 904 2428 est
961 2365 1285 2450 imposita3
1349 2365 1401 2427 is
1447 2365 1613 2427 enim
1674 2386 1801 2427 non
1860 2385 2020 2449 pene
2079 2362 2444 2444 formidine,
2506 2363 2614 2427 sed
2664 2364 2917 2449 justicie

258 2492 471 2535 amore
519 2479 740 2557 sponte
785 2494 826 2535 a
870 2472 1037 2535 malo
1083 2470 1409 2536 declinans
1454 2469 1690 2534 bonum
1739 2480 2051 2556 operatur.

165 2593 239 2646 20
434 2576 624 2657 Quod
671 2577 834 2641 dixit
879 2576 1115 2669 Paulus
1163 2576 1244 2640 ad
1291 2574 1553 2641 Galatas
1587 2586 1623 2642 2
1654 2579 1743 2661 ⁸):
1792 2575 1938 2640 licet
1985 2574 2244 2663 angelus
2293 2575 2372 2640 de
2421 2575 2554 2640 celo
2603 2575 2915 2663 evangeli·

256 2686 496 2749 zaverit
538 2694 939 2771 preterquam
984 2684 1154 2771 quod
1199 2682 1814 2769 evangelizavimus,
1869 2682 2209 2747 anathema
2256 2685 2364 2764 sit,
2424 2685 2582 2747 sicut
2643 2684 2916 2769 predixi·

256 2815 416 2874 mus,
462 2799 526 2855 et
569 2813 738 2856 nunc
786 2793 1011 2855 iterum
1059 2791 1230 2855 dico:
1291 2791 1338 2853 si
1388 2792 1527 2876 quis
1572 2788 1756 2854 vobis
1802 2790 2334 2874 evangelizaverit
2379 2796 2587 2874 preter
2633 2790 2698 2853 id
2745 2789 2914 2876 quod

256 2899 604 2984 accepistis,
650 2896 988 2962 anathema
1034 2900 1114 2961 sit
1160 2933 1264 2978 —‚
1324 2896 1798 2980 intelligendum
1858 2904 1982 2959 est:
2046 2897 2094 2958 si
2156 2896 2296 2981 quis
2360 2897 2744 2959 contrarium
2807 2902 2917 2959 aut

255 3025 615 3091 repugnans
661 3005 1028 3090 preceperit,
1089 3004 1271 3090 quale
1334 3001 1485 3067 illud
1558 3002 1636 3066 de
1684 3026 1809 3089 quo
1871 3025 1946 3066 ea
2003 3002 2264 3087 epistola
2323 3000 2586 3066 Galatas
2648 3002 2916 3086 coripuit

165 3126 295 3178 25a
340 3111 877 3198 pseudoapostolis
920 3120 1283 3197 acceptum,
1342 3109 1496 3194 legis
1542 3109 1778 3174 scilicet
1823 3108 2326 3173 observationem
2388 3117 2449 3171 et
2494 3108 2914 3171 circumcisio—

258 3239 397 3281 nem
445 3219 741 3303 precipue
786 3219 1201 3281 necessariam
1250 3217 1383 3280 fore
1427 3238 1467 3278 a
1511 3216 1858 3300 gentilitate
1907 3215 2240 3279 conversis.

435 3323 731 3388 Similiter
759 3324 930 3411 quod
962 3321 1231 3387 habetur
1262 3321 1540 3386 Corinth.
1579 3332 1611 3387 7
1646 3323 1728 3404 ⁷):
1778 3323 1971 3408 empti
2003 3323 2148 3384 estis
2181 3321 2390 3407 precio
2422 3343 2687 3404 magn03
2723 3319 2914 3385 nolite

258 3429 389 3494 fieri
437 3431 600 3494 servi
662 3430 984 3494 hominum
1042 3467 1159 3511 —,
1220 3452 1346 3492 non
1393 3451 1531 3493 eam
1592 3427 1884 3514 prohibet
1943 3426 2364 3490 obedientiam
2431 3448 2554 3513 que
2624 3425 2913 3490 humanis

258 3535 524 3600 debetur
566 3535 831 3621 legibue,
878 3535 986 3601 sed
1034 3535 1206 3600 illam
1252 3557 1367 3621 per
1412 3557 1600 3624 quam
1649 3534 1991 3620 impeditur
2052 3534 2375 3597 servitium
2425 3531 2561 3596 Deo
2608 3530 2912 3615 debitum,

163 3642 359 3710 novel
402 3645 610 3729 potius
656 3665 733 3707 ea
778 3641 1098 3707 inhibetur
1146 3642 1465 3706 bominum
1513 3643 1781 3705 servitus
1840 3663 1967 3727 qua
2027 3641 2167 3726 quis
2197 3646 2251 3722 ⁸)
2310 3640 2418 3703 uni
2480 3638 2784 3725 adigitur,
2844 3647 2914 3703 ut

256 3748 484 3836 Apollo
516 3748 716 3814 Paulo
763 3757 873 3813 aut
903 3747 1119 3835 Cephe
1164 3757 1465 3835 tanquam
1514 3747 1732 3812 salutis
1779 3768 1890 3812 sue
1921 3748 2181 3829 auctori,
2228 3748 2406 3832 quasi
2453 3747 2519 3809 in
2551 3744 2911 3809 hominibus

399 4026 440 4063 a)
470 4016 580 4055 stau
620 4027 673 4057 ex
712 4015 785 4056 his
824 4036 869 4044 -
901 4014 1061 4056 utores
1097 4014 1227 4055 stand
1261 4015 1444 4065 ausuum
1480 4013 1546 4053 die
1575 4013 1733 4061 homeru]
1772 4013 1842 4053 der
1876 4014 2007 4053 ersten
2048 4011 2274 4052 Roaaktion
2315 4022 2367 4052 ex
2407 4010 2481 4051 hi·
2517 4021 2600 4060 que
2639 4021 2716 4061 per
2753 4020 2910 4050 manus

254 4086 534 4127 traditionem
562 4087 749 4127 nondum
777 4085 944 4137 script·
971 4085 1026 4126 ad
1053 4085 1169 4137 legin
1198 4085 1361 4126 latore·
1389 4086 1633 4125 innuunt.

406 4194 443 4261 ')
480 4194 588 4248 Jes·
623 4197 701 4249 29
734 4212 781 4249 υ.
819 4197 900 4247 13.

164 4290 238 4344 35
401 4282 441 4351 ²)
481 4282 584 4337 Ευ.
620 4283 802 4337 Math.
839 4286 907 4336 15
942 4301 987 4338 υ.
1028 4286 1078 4335 3.

400 4370 441 4439 ⁸)
476 4370 654 4427 2Gor.
692 4375 729 4425 3
762 4390 809 4426 υ.
849 4376 935 4427 17.

397 4462 441 4529 ⁴)
484 4461 610 4517 Gal.
648 4465 684 4515 3
718 4478 768 4516 v.
805 4464 895 4515 25.

400 4549 440 4620 ⁶)
478 4551 758 4605 11’imoth.
793 4554 826 4603 1
860 4567 907 4604 v.
948 4553 997 4603 9.

400 4639 441 4709 ⁸)
487 4639 612 4695 Gal.
654 4643 681 4692 1
718 4657 764 4694 v.
804 4642 855 4693 8.
895 4642 943 4692 9.

159 4737 234 4793 40
405 4728 441 4799 ⁷)
480 4730 773 4786 1Corinth.
816 4733 849 4784 7
884 4746 929 4783 v.
966 4731 1056 4783 23.
