3500 5300
604 397 711 457 472
1423 377 1426 380 Ἴ
1541 399 1640 454 Nu.
1685 399 1812 453 187:
1854 399 1991 453 1535
2031 397 2239 465 August
2278 398 2327 451 7.

415 603 549 655 1535
604 595 787 676 dere3
833 618 934 661 ma
980 597 1042 660 la
1086 598 1360 680 risposta
1408 594 1468 658 al
1501 593 2071 674 Brandcburgenso
2120 595 2173 655 si
2221 590 2478 655 dovor-ia
2529 591 2778 655 viseum·
2807 612 2925 654 con
2975 613 3063 654 un
3106 611 3263 675 poco

364 674 509 742 ΑΨ·
554 676 668 768 ⁷di
716 702 1012 767 dolcezza
1056 703 1407 787 maggiore,
1465 723 1583 764 con
1631 699 2027 784 ringratiarlo
2074 701 2240 762 assai
2299 697 2463 761 delle
2510 697 2968 761 dimostrationi
3006 696 3137 762 'che
3182 699 3263 759 mi

603 808 685 874 ha
746 809 910 874 fatto
968 818 1030 871 et
1089 830 1207 872 con
1269 805 1613 893 ripregarlo
1673 805 1792 870 che
1848 807 2003 869 aiuti
2064 813 2287 889 questa
2347 806 2609 869 materia
2665 826 2785 868 con
2844 806 2992 868 tutti
3042 804 3083 867 li
3132 805 3264 866 suoi

605 915 867 994 fratelli,
942 924 1006 978 et
1063 923 1287 998 questo
1347 920 1483 977 sara
1541 937 1625 977 un
1695 912 2198 977 fruttuosissimo
2267 912 2499 975 officio.
2603 921 2665 974 et
2735 910 2866 974 dite
2936 933 2973 974 a
3032 910 3267 974 Nostro

602 1129 780 1199 gionis
817 1136 1062 1191 nostrae,
1115 1135 1234 1182 tum
1284 1126 1542 1197 publicae
1591 1126 1745 1198 pacis
1784 1128 2009 1197 jactura
2045 1125 2336 1180 concilium
2387 1126 2559 1179 simus
2606 1124 2867 1179 habituri.
2942 1122 3100 1190 Rom,
3138 1123 3265 1179 Cod.
3309 1133 3342 1184 5

604 1217 731 1273 Vat.
753 1219 894 1271 3914
931 1217 1024 1271 fol.
1062 1216 1424 1271 212b—213⁸
1463 1215 1597 1285 Gop.
1627 1231 1899 1269 coaev.--—
1934 1213 2539 1284 PfulzqrafFriedoich
2557 1219 2901 1269 ammonete.-
2937 1212 3078 1269 Cum
3098 1229 3267 1285 nuper

605 1307 659 1360 in
698 1322 880 1360 mense
909 1307 1066 1377 junio
1102 1304 1175 1358 ob
1212 1312 1365 1360 certa
1401 1306 1633 1375 uegocIa
1670 1311 1859 1358 nostra
1908 1303 2057 1373 apud
2097 1344 2109 1356 .
2151 1344 2162 1354 .
2203 1343 2215 1356 .
2256 1302 2625 1357 Romanorum
2662 1318 2847 1374 regem
2885 1342 2896 1354 .
2939 1343 2951 1356 .
2993 1343 3006 1356 .
3047 1303 3106 1356 in
3143 1302 3265 1356 civi·

602 1402 719 1450 tate
756 1394 971 1449 Vienna
1016 1411 1234 1448 eramus
1280 1393 1343 1462 [s.
1383 1394 1520 1448 oben
1556 1410 1639 1446 nr.
1693 1391 1853 1462 1721,
1909 1391 2117 1446 obtulit
2170 1390 2329 1445 nobis
2382 1391 2708 1447 sanctitatis
2762 1390 2997 1445 Vestrae
3046 1392 3267 1446 nuntius

605 1484 807 1539 Petrus
845 1483 1056 1537 Paulus
1091 1482 1394 1554 Vergerius
1430 1481 1595 1536 breve
1631 1500 1667 1535 a
1703 1481 2014 1537 Sanctitate
2050 1481 2253 1535 Vestra
2301 1481 2586 1542 emissum;
2636 1497 2742 1536 aas
2778 1480 2898 1534 dem
2935 1480 3117 1534 Brere
3152 1480 3268 1533 aad

603 1574 714 1627 den
750 1573 1187 1641 Mittheilunqen
1224 1572 1317 1625 des
1352 1571 1613 1625 Nuntius
1650 1571 1770 1641 (qui
1812 1570 2099 1640 negocium
2138 1570 2242 1624 hoc
2280 1568 2386 1622 sibi
2436 1570 2789 1624 commissum
2839 1585 3004 1639 quam
3044 1569 3345 1640 vigilan-10

603 1662 814 1716 tissime
851 1659 1163 1731 exequitur)
1203 1661 1299 1713 hat
1335 1676 1395 1714 er
1431 1665 1789 1725 entnommen,
1829 1654 1949 1726 dass
1987 1658 2083 1713 der
2119 1658 2298 1727 Papst
2335 1661 2423 1712 ein
2456 1658 2647 1713 Conci!
2679 1675 2750 1712 su
2775 1658 2962 1712 hatten
2998 1658 3266 1713 &absicto-

607 1752 712 1820 tiyt
749 1749 872 1803 und
907 1750 1069 1804 bittet
1109 1750 1242 1803 Gott
1287 1766 1380 1802 wm
1420 1749 1688 1817 Gelinqen
1739 1748 2026 1802 desselben.
2100 1747 2187 1800 Er
2241 1748 2516 1800 betheum-t
2570 1748 2759 1801 seim
2804 1745 2970 1811 Eifer
3023 1747 3122 1813 ti‘er
3168 1747 3268 1801 das

606 1839 811 1906 Camil,
849 1839 975 1905 den,
1012 1840 1113 1892 wie
1150 1854 1208 1891 er
1242 1836 1400 1904 hefft,
1436 1838 1632 1891 bereits
1670 1836 1770 1890 der
1806 1835 2061 1890 Nuntius
2088 1836 2305 1906 erpi-obt
2342 1837 2494 1903 habe,
2541 1836 2636 1907 qui
2685 1852 2905 1907 qnoque
2950 1836 3040 1890 his
3076 1835 3266 1890 diebus

603 1929 723 1999 ejus
760 1928 837 1982 rei
867 1944 1036 1982 causa
1061 1926 1209 1980 domi
1234 1932 1456 1980 nostrae
1489 1925 1614 1980 fnit.
1654 1925 1706 1979 d.
1736 1926 1794 1980 d.
1832 1926 1887 1979 in
1917 1932 2099 1979 castro
2127 1933 2316 1979 nostro
2344 1924 2590 1978 Novifori
2621 1926 2657 1978 6
2692 1925 2781 1978 die
2816 1925 3020 1979 mensis
3047 1924 3267 1996 augusti

603 2034 653 2072 a.
689 2017 777 2070 35.
841 2016 1000 2082 Rom,
1037 2014 1169 2071 eod.
1200 2014 1328 2069 Vat.
1356 2015 1496 2069 3914
1533 2013 1628 2069 fol.
1656 2013 1842 2069 213st
1882 2015 2012 2084 Cop.
2051 2030 2231 2069 coaev.
2271 2044 2333 2053 -
2375 2013 2762 2068 DieAntwort
2788 2013 3267 2083 dahiud-grates
3288 2021 3351 2074 15

608 2107 784 2174 Geor-9
818 2106 946 2174 qebe
981 2105 1088 2170 ich,
1125 2103 1202 2157 da
1245 2104 1497 2172 Veryerio
1534 2104 1680 2159 auch
1715 2102 1833 2168 aas
1858 2102 1949 2158 die
1987 2102 2156 2158 Form
2191 2103 2467 2158 derselbm
2511 2103 2701 2158 Werth
2737 2103 2861 2171 left,
2897 2103 3177 2158 mou-tlich-

749 2193 929 2249 Sanno
968 2194 1024 2246 in
1052 2190 1273 2247 Christo
1309 2192 1454 2262 patri
1493 2199 1549 2246 et
1585 2191 1805 2246 domino
1833 2192 2051 2246 domino
2079 2191 2256 2246 Paulo
2287 2192 2451 2246 tertio
2478 2189 2727 2262 pontifici
2762 2192 3014 2261 maximo,
3052 2191 3267 2247 domino

605 2299 728 2337 meo
765 2281 1204 2337 elementissimo.

748 2370 929 2426 Sanno
975 2371 1033 2424 in
1070 2368 1291 2425 Christo
1339 2376 1499 2440 pater
1547 2378 1605 2424 et
1640 2370 1876 2438 domine,
1927 2370 2144 2425 domine
2193 2370 2632 2425 clementissime.
2706 2377 2834 2441 post
2882 2369 3267 2441 obsequiorum

606 2477 848 2515 meorum
877 2459 1141 2514 humilem
1168 2458 1488 2530 diligentem
1506 2475 1574 2514 ac
1592 2476 1862 2513 summam
1882 2459 2424 2515 commendationem.
2497 2459 2816 2514 beatissime
2851 2465 3027 2530 pater.
3098 2466 3353 2531 quum20

604 2550 738 2605 mihi
788 2549 900 2603 sint
953 2566 989 2603 a
1038 2547 1364 2604 Sanctitatis
1409 2547 1644 2603 Vestrae
1698 2549 1884 2619 legato
1922 2548 2053 2604 Rev.
2110 2548 2329 2602 domino
2367 2547 2534 2604 Petro
2576 2547 2755 2603 Paulo
2791 2548 3060 2620 vergerio
3098 2549 3267 2619 ipsius
3468 2537 3469 2612 l

604 2639 797 2694 literae
832 2638 903 2693 ad
941 2656 1029 2693 me
1065 2636 1305 2709 scriptae
1339 2636 1560 2703 allatae,
1597 2654 1661 2692 ex
1700 2636 1905 2710 quibus
1942 2644 1999 2694 et
2034 2637 2209 2709 ipsius
2244 2638 2494 2709 exposita
2541 2637 2814 2710 legatione
2851 2637 3096 2694 intellexi
3132 2637 3267 2694 Bea-

603 2728 859 2783 titudinis
896 2726 1129 2782 Vestrae
1167 2734 1404 2782 mentem
1441 2743 1509 2782 ac
1547 2727 1862 2782 institutum
1890 2727 1958 2780 de
1977 2725 2306 2782 celebrando
2324 2727 2626 2782 christiano
2661 2727 2956 2782 universali
2990 2743 3061 2782 ac
3099 2727 3269 2782 libero

606 2816 857 2885 concilio,
893 2816 1004 2871 dici
1043 2833 1148 2870 non
1187 2821 1372 2886 potest
1408 2832 1521 2886 qua
1556 2816 1841 2886 voluptate
1876 2832 1942 2869 ex
1991 2831 2056 2870 eo
2105 2816 2299 2870 nuntio
2343 2814 2577 2871 affectus
2630 2816 2764 2885 sim,
2812 2816 3139 2887 praesertim
3174 2817 3267 2871 ubi

606 2906 838 2977 cognovi
876 2903 1203 2961 sanctitatis
1241 2905 1474 2961 Vestrae
1509 2913 1621 2959 tam
1660 2921 1995 2975 propensum
2031 2904 2273 2959 animum
2311 2911 2369 2960 et
2416 2904 2782 2977 indefatigata
2827 2905 3013 2960 studia
3056 2907 3128 2960 ad
3167 2907 3268 2961 hoc
3286 2909 3350 2962 25
3466 2938 3467 2991 ἶ

605 3001 722 3049 tam
757 3001 1008 3049 sanctum
1046 3000 1105 3049 et
1138 2994 1385 3049 divinum
1422 3010 1589 3065 opus,
1627 2994 1777 3065 quod
1814 3010 2023 3047 summe
2061 3009 2220 3065 spero
2258 2994 2361 3049 toti
2394 2993 2732 3065 reipublicae
2778 2995 3113 3051 christianae
3149 3012 3268 3069 prof

604 3082 872 3150 futurum,
908 3089 966 3138 et
1002 3089 1065 3138 ut
1100 3100 1166 3138 ex
1193 3082 1567 3138 Beatitudinis
1595 3082 1829 3142 Vestrae
1865 3082 2034 3154 legati
2073 3082 2336 3138 relatione
2373 3083 2606 3139 ulterius
2644 3084 2866 3154 percepi
2905 3084 3052 3155 quod
3090 3101 3270 3139 sacro-

606 3180 801 3227 sancta
861 3170 1109 3227 Romana
1163 3171 1527 3243 Imperatoria
1578 3188 1646 3226 ac
1697 3170 1878 3243 Regia
1913 3170 2194 3242 Majestas‚
2250 3172 2464 3242 imperii
2520 3173 2725 3243 capita,
2781 3190 2883 3243 pro
2919 3171 3109 3229 officio
3157 3182 3268 3230 tam

606 3261 851 3316 studiose
887 3268 945 3316 et
980 3261 1134 3316 enixe
1155 3260 1518 3317 sanctitatem
1548 3260 1823 3328 Vestram,
1851 3262 2017 3315 immo
2052 3267 2227 3315 totam
2257 3261 2655 3331 rempublicam
2683 3262 3038 3317 christianam
3078 3264 3135 3318 in
3165 3265 3270 3319 hoc

608 3350 837 3420 negocio
873 3349 1134 3420 adjuvare
1171 3350 1404 3420 cupiunt
1439 3357 1497 3404 et
1543 3349 1844 3418 enituntur,
1896 3350 2045 3421 quod
2099 3356 2164 3405 ut
2225 3350 2471 3405 faustum
2508 3350 2749 3422 felixque
2795 3350 3046 3407 futurum
3094 3353 3169 3409 sit
3201 3351 3350 3409 ⁸030
3464 3352 3465 3359 ’

606 3439 678 3493 ad
714 3437 922 3494 Christi
959 3439 1108 3493 unici
1157 3438 1446 3493 salvatoris
1495 3439 1667 3493 nostri
1714 3438 1947 3510 gloriam
1996 3439 2402 3510 provehendam
2451 3440 2735 3512 totiusque
2786 3441 3071 3496 christiani
3119 3442 3271 3498 orbis

609 3526 906 3582 utilitatem
942 3534 1000 3581 et
1036 3525 1200 3581 fidem
1228 3529 1640 3600 propagandam
1680 3535 1891 3599 vergat,
1928 3544 1993 3582 ex
2029 3529 2212 3582 animo
2239 3535 2372 3600 opto
2399 3536 2457 3583 et
2492 3528 2640 3583 hunc
2677 3545 2873 3600 precor
2908 3531 3003 3601 qui
3041 3531 3271 3602 spiritus

608 3616 788 3672 sancti
838 3616 1094 3671 missione
1141 3616 1524 3687 perturbatum
1598 3617 1932 3672 christianae
1983 3616 2323 3687 reipublicae
2373 3625 2579 3672 statum
2628 3617 2793 3674 facile
2858 3620 3151 3674 restituere
3204 3637 3270 3675 ac

608 3704 973 3760 dissensiones
1011 3705 1182 3760 nostri
1222 3705 1428 3760 saeculi
1465 3705 1534 3759 ad
1564 3706 1937 3761 sinceritatem
1974 3723 2042 3761 ac
2070 3707 2340 3761 unitatem
2378 3704 2506 3761 fidei
2535 3707 2836 3777 perducere
2872 3715 3087 3779 potest..
3110 3710 3270 3764 modo

610 3794 658 3848 si
696 3794 828 3865 quid
865 3809 1107 3848 mearum
1147 3794 1386 3863 partium
1424 3802 1524 3849 aut
1558 3795 1757 3849 virium
1794 3794 1963 3850 fuerit
2004 3812 2320 3865 promovere
2361 3796 2466 3851 hoc
2503 3795 2795 3867 negocium
2846 3798 2935 3866 (ut
2970 3804 3155 3853 tamen
3190 3795 3347 3852 ixi-35

608 3900 788 3955 genae
825 3899 1000 3938 meam
1041 3882 1478 3938 imbecillitatem
1508 3900 1751 3954 agnosco
1789 3891 1845 3938 et
1882 3883 2113 3953 fateor),
2150 3885 2288 3939 nihil
2326 3901 2503 3955 neque
2539 3884 2724 3939 studio
2760 3885 3048 3957 diligentia
3083 3885 3269 3942 officio

608 3989 676 4028 ac
712 3988 883 4043 opera
916 3971 1370 4043 praetermittam,
1408 3972 1868 4043 quemadmodum
1906 3974 2023 4027 sine
2069 3973 2241 4028 dubio
2277 3973 2558 4029 Sanctitas
2597 3973 2800 4028 Vestra
2846 3991 2913 4028 ex
2961 3975 3132 4047 legati
3185 3977 3269 4032 sui

609 4061 832 4132 scriptis
867 4068 968 4116 aut
1003 4061 1267 4116 relatione
1303 4061 1592 4133 intelliget.
1666 4061 1722 4116 id
1760 4063 1909 4133 quod
1945 4062 2122 4133 ipsam
2163 4063 2332 4118 latere
2371 4063 2519 4117 nolui
2557 4069 2615 4118 et
2661 4062 2790 4119 huic
2839 4081 2926 4119 me
2975 4081 3101 4119 cum
3152 4073 3269 4121 tota

609 4151 820 4206 familia
855 4149 1339 4221 Brandeburgensi
1377 4168 1543 4221 quam
1596 4149 1996 4207 officiosissime
2050 4169 2115 4206 ex
2164 4151 2352 4207 debito
2401 4151 2668 4222 obsequio
2717 4154 3037 4208 commendo
3072 4171 3141 4210 ac
3176 4172 3267 4225 po·

609 4250 871 4294 stremum
911 4239 1092 4295 Deum
1128 4239 1396 4310 optimum
1434 4240 1727 4294 maximum
1766 4257 1901 4312 rogo
1938 4248 2001 4295 nt
2050 4240 2303 4295 Vestram
2343 4239 2705 4296 Sanctitatem
2756 4242 2811 4296 in
2863 4242 2968 4298 hoc
3013 4243 3268 4299 instituto
3285 4240 3344 4293 40

608 4329 680 4383 ad
716 4329 800 4383 sui
854 4328 1087 4383 nominis
1134 4328 1366 4399 gloriam
1422 4326 1697 4400 fidemque
1733 4329 1939 4384 Christi
1995 4330 2363 4400 ampliandam
2419 4330 2668 4402 adeoque
2716 4332 2887 4385 totius
2932 4332 3268 4401 reipublicae

610 4418 945 4475 christianae
981 4417 1406 4472 emolumentum
1444 4418 1539 4472 diu
1576 4418 1897 4473 duraturam
1933 4435 1999 4474 ac
2036 4419 2363 4474 incolumem
2400 4427 2699 4475 conservet.

753 4506 933 4563 Datne
970 4505 1363 4562 Onolczbachii
1399 4507 1434 4561 4
1470 4507 1559 4561 die
1594 4508 1821 4579 augusti
1857 4524 2000 4563 anno
2036 4525 2072 4561 a
2106 4508 2331 4563 Christo
2368 4515 2498 4562 nato
2536 4508 2690 4564 1535.

2052 4597 2283 4653 Vestrae
2320 4597 2647 4652 Sanctitatis
2684 4598 3056 4653 deditissimus

612 4771 743 4826 eod.
783 4772 909 4828 vat.
948 4774 1088 4828 3914
1125 4773 1217 4828 f01.
1259 4774 1459 4832 212011.
2382 4686 2674 4759 Georgms'
3280 4683 3337 4738 4⁵
