3500 5300
1071 376 1169 434 No,
1210 379 1380 433 196-
1394 380 1514 434 197:
1559 378 1693 435 1535
1730 378 1943 448 August
1976 380 2063 435 24.
2791 378 2899 441 495

231 571 747 657 presumendum)
817 573 991 638 nullo
1046 573 1238 639 modo
1294 574 1485 639 licere
1552 574 1793 660 absque
1847 576 2013 640 scitu
2077 584 2143 641 et
2198 576 2526 642 voluntate
2584 577 2896 643 Cesareae
2970 579 3113 631 1535

231 678 592 764 Maiestatis
640 679 1027 767 aliorumque
1075 680 1419 746 electorum
1448 683 1809 767 principum
1856 691 1921 747 et
1966 690 2245 749 statuum
2276 685 2522 770 imperii
2568 685 2650 749 ab
2680 648 3062 771 hujus-‘1¹⁴9
3100 650 3176 704 24

229 784 406 850 modi
453 787 827 851 tractatibus
876 796 940 851 et
986 788 1269 852 consiliis
1301 788 1766 853 communicato
1813 791 2079 854 consilio
2126 790 2360 855 habitis
2418 790 2749 856 discedere
2795 792 2899 856 vel

228 915 346 957 sua
395 903 623 979 sponte
669 896 736 958 in
781 894 954 958 aliud
986 897 1326 980 quicquam
1371 917 1441 959 se
1487 896 1907 960 intromittere
1955 919 2069 961 seu
2102 898 2459 961 consentire
2489 900 2571 980 ⁸);
2616 898 2902 983 placeret

177 1006 209 1058 5
227 1008 448 1065 autem
494 998 646 1063 Ill¹¹¹⁰
692 1001 964 1087 principi
1012 1003 1230 1066 comiti
1261 1000 1555 1066 Palatino
1602 1001 1863 1067 electori
1908 1011 1979 1067 ut
2021 1004 2360 1068 concilium
2406 1003 2562 1068 illud
2590 1005 2901 1089 generale,

227 1116 424 1192 quam
467 1108 740 1192 primum
784 1105 851 1171 id
897 1108 1032 1172 fieri
1091 1109 1323 1194 possit,
1382 1117 1836 1194 promoveatur
1893 1118 1959 1173 et
2014 1092 2396 1191 celebretur,
2454 1114 2760 1198 precipue
2817 1111 2900 1176 ob

227 1216 554 1298 ingentem
599 1216 796 1279 totius
842 1213 1340 1279 Christianitatis
1388 1218 1844 1301 permaximam
1892 1220 2355 1286 necessitatem.

411 1320 612 1385 Porro
658 1344 805 1386 cum
851 1330 998 1406 post
1042 1320 1398 1408 predictum
1445 1345 1823 1408 responsum
1869 1322 2089 1388 datum
2136 1326 2274 1409 ipse
2337 1323 2629 1389 dominus
2691 1332 2903 1389 orator

227 1428 625 1514 apostolicus
672 1428 954 1492 ulteriori
999 1450 1210 1493 rerum
1256 1428 1682 1494 declaratione
1730 1440 1796 1494 et
1840 1429 2287 1496 adhortatione
2333 1431 2456 1496 alia
2516 1454 2704 1516 quam
2761 1431 2902 1517 plu-

147 1539 211 1592 10
227 1538 396 1599 rima
441 1536 508 1599 in
552 1536 824 1620 priorem
856 1538 1234 1600 sententiam
1284 1538 1748 1601 commissionis
1781 1559 1933 1601 suae
1981 1541 2373 1621 congesserit
2401 1560 2477 1603 ac
2525 1541 2590 1602 in
2620 1538 2902 1603 medium

228 1642 553 1722 attulerit,
612 1642 1055 1707 nichilominus
1102 1645 1399 1728 princeps
1445 1642 1626 1706 Illm⁰⁶
1673 1644 2110 1728 magnitudine
2169 1653 2236 1707 et
2292 1647 2609 1729 gravitate
2664 1646 2901 1729 negotii

229 1749 639 1815 considerata
683 1747 1028 1833 habitoque
1074 1748 1367 1833 diligenti
1416 1757 1480 1814 et
1525 1759 1770 1814 maturo
1816 1751 2083 1815 consilio
2130 1753 2352 1815 statuit
2396 1751 2569 1838 apud
2615 1774 2684 1815 se
2731 1750 2902 1837 quod

232 1880 312 1922 ex
360 1856 821 1942 pregnantibus
867 1857 1458 1941 urgentissimisque
1490 1859 1698 1921 causis
1747 1866 1813 1921 et
1857 1857 2209 1922 rationibus
2257 1859 2321 1921 in
2368 1860 2563 1944 priori
2594 1880 2901 1945 responso

231 1964 388 2028 dato
432 1960 716 2027 residere
763 1984 839 2026 ac
884 1985 1292 2048 perseverare
1353 1964 1511 2026 velit
1568 1986 1644 2028 ac
1704 1962 2044 2028 Sanctitati
2090 1965 2505 2050 Apostolicae
2562 1986 2705 2030 sese
2762 1973 2902 2029 tan-

149 2072 214 2126 15
232 2093 426 2157 quam
474 2067 877 2133 obedientem
923 2071 1278 2155 principem
1321 2069 1661 2134 electorem
1707 2068 1926 2135 debita
1969 2073 2327 2136 reverentia
2384 2069 2616 2136 devote
2674 2070 2902 2135 humil-

230 2180 512 2263 limeque
559 2175 1106 2243 recommendavit
1134 2179 1195 2258 ¹).

234 2411 386 2479 197.
492 2409 775 2490 Veryerio
817 2409 942 2493 [an
987 2408 1336 2494 Ricalcati]
1349 2428 1371 2471 .·
1415 2408 1562 2473 iiber
1606 2409 1705 2472 die
1735 2409 2027 2473 Ant-wart
2069 2410 2175 2474 des
2212 2409 2603 2491 Kurfi‘irsten
2631 2408 2900 2491 Ludwig]
2918 2411 3064 2477 Aua·
3100 2410 3175 2461 24

233 2540 352 2582 von
399 2517 509 2580 cler
557 2515 756 2597 Psalz,
803 2515 932 2598 dast
975 2536 1104 2579 nur
1148 2517 1251 2578 ein
1296 2515 1630 2598 Reichstaq
1672 2536 1756 2579 zu
1800 2516 2153 2580 bestimmten
2197 2516 2376 2594 habe,
2434 2537 2554 2594 w0‚
2610 2513 2726 2580 wie
2768 2516 2908 2579 und

235 2646 428 2691 wama
475 2624 592 2688 das
629 2621 840 2688 Concil
881 2622 1244 2703 stattft-nden
1288 2621 1444 2687 solle.
1545 2622 1601 2688 G
1607 2622 2027 2704 efc'ihrlichkeit
2071 2623 2267 2688 dieser
2297 2623 2580 2701 Ausim,
2626 2623 2726 2687 die
2754 2622 2905 2704 aufe

153 2749 217 2803 20
235 2733 528 2816 ‹infler-ste
570 2751 653 2796 zu
682 2730 1038 2811 bekuhnpfen
1082 2731 1166 2793 ist
1179 2750 1200 2807 ‚·
1244 2731 1335 2793 sie
1379 2730 1620 2793 erwezssst
1661 2730 1807 2794 aber
1850 2752 1961 2794 um
2003 2751 2070 2795 so
2114 2730 2285 2795 mehr
2329 2731 2428 2794 die
2470 2730 2901 2812 Nothwemliy-

235 2841 361 2904 keit
417 2838 552 2902 sich
607 2858 715 2902 vor
768 2838 1129 2919 Ansetzuny
1173 2837 1281 2900 der
1331 2836 1631 2900 Malatatt
1682 2838 1802 2900 mit
1852 2836 2283 2901 Deutsehland
2329 2856 2413 2902 zu
2456 2837 2900 2918 verstdndiyen.

239 2944 727 3011 Persc'inlichkeit
781 2943 886 3008 des
943 2944 1365 3023 Kurfh'irsten:
1438 2943 1834 3007 stunksucht
1896 2945 2034 3007 und
2099 2942 2904 3025 Reqiemnysunfdhiykeit;

233 3054 422 3135 freies
468 3050 756 3117 Schalten
814 3050 1016 3115 seiner
1061 3050 1299 3127 Reium,-
1367 3050 1777 3133 Einfiihruny
1834 3051 1939 3114 des
1994 3050 2442 3114 Iastherthums
2454 3072 2476 3127 ,·
2544 3049 2903 3131 Hehiefficffy

237 3160 376 3224 und
418 3159 589 3223 scine
649 3156 1032 3224 Universitc'it
1069 3177 1233 3239 qam:
1278 3156 1624 3221 lutherisch.
1724 3157 1861 3223 Gut
1915 3157 2281 3222 katholische
2334 3157 2701 3238 Gesinnuny
2751 3156 2905 3221 aller

154 3282 220 3335 25
240 3266 501 3332 Brader
545 3265 650 3328 des
694 3264 1098 3345 Kurfiirsten,
1145 3264 1343 3328 durch
1386 3264 1486 3327 die
1530 3264 1658 3345 auf
1690 3264 1898 3329 diesen
1942 3264 2359 3329 einzuwirken
2402 3268 2581 3328 wdre.
2671 3264 2904 3349 [1535]

240 3375 502 3455 Auyust
544 3375 632 3438 24
679 3370 1055 3453 Heidelberg.
1145 3370 1498 3456 [Auszuyff

385 3515 511 3569 Aua
549 3513 706 3582 Rom,
746 3513 894 3567 Bibl.
938 3513 1058 3567 Vnt.
1098 3512 1229 3568 Cod.
1267 3513 1395 3569 Vat.
1435 3514 1577 3569 3914
1622 3513 1714 3567 fol.
1754 3512 2112 3567 2442-245·
2150 3511 2278 3583 Gop.
2319 3529 2526 3581 coaev.,·
2570 3501 2905 3577 Uberachrift

457 3602 744 3658 Decifrato
779 3601 869 3656 del
907 3601 1173 3673 vergerio
1209 3602 1278 3656 de
1314 3603 1384 3656 24
1414 3602 1664 3673 d'agosto
1701 3602 1773 3655 da
1810 3600 2180 3673 Hadelberga.

419 3727 675 3805 Questo
736 3728 965 3792 elettor
1018 3729 1084 3790 in
1147 3750 1390 3791 somma
1446 3726 1747 3811 risponde
1807 3728 1974 3791 assai
2032 3725 2502 3790 diversamente
2571 3724 2637 3789 di
2693 3723 2903 3810 quello

153 3836 407 3902 30ch'io
453 3834 714 3899 haverei
761 3833 1010 3901 voluto:
1081 3834 1201 3899 che
1271 3856 1424 3920 pare
1492 3857 1530 3898 a
1583 3834 1672 3898 lui
1719 3833 1839 3898 che
1907 3832 2195 3898 s'habbia
2253 3856 2292 3898 a
2347 3832 2485 3897 fare
2544 3854 2672 3897 una
2730 3830 2904 3896 dieta

237 3942 579 4008 Thedesca
623 3949 688 4006 et
729 3943 795 4005 in
853 3963 995 4006 essa
1051 3949 1279 4006 trattar
1336 3940 1400 4004 la
1457 3942 1722 4006 materia
1779 3939 1884 4005 del
1942 3940 2244 4021 conciliO,
2298 3941 2437 4004 cioe
2497 3937 2665 4003 dove
2723 3960 2903 4008 come

240 4060 306 4116 et
337 4049 596 4136 quando
641 4050 693 4113 si
727 4047 847 4113 dee
878 4048 1035 4129 fare,
1084 4058 1148 4112 et
1180 4047 1322 4113 dice
1370 4047 1489 4112 che
1536 4053 1614 4111 ne
1660 4047 1765 4111 all'
1795 4049 2141 4133 imperator
2184 4049 2530 4130 congiunto
2572 4045 2673 4110 col
2719 4066 2904 4130 papa,

241 4165 318 4221 ne
366 4156 430 4223 al
476 4178 645 4242 papa
691 4155 826 4221 solo
873 4163 1122 4241 aspetta
1155 4154 1219 4219 di
1266 4177 1587 4241 proponer
1630 4153 1819 4238 luogo
1865 4177 1981 4239 per
2025 4154 2073 4217 il
2103 4153 2393 4233 concilio,
2440 4175 2542 4216 ma
2573 4152 2692 4217 che
2738 4159 2906 4215 tutta

240 4272 471 4350 questa
526 4262 648 4327 dee
707 4284 882 4327 esser
938 4263 1299 4344 cognitione
1363 4270 1428 4326 et
1488 4260 1816 4326 decisione
1874 4259 2067 4326 d'una
2112 4259 2287 4325 dieta
2332 4258 2413 4326 de
2482 4260 2755 4347 principi
2801 4257 2904 4321 del

157 4372 529 4456 35imperi0.
620 4370 683 4432 io
730 4369 815 4433 ho
860 4367 1038 4433 detto
1099 4377 1165 4433 et
1221 4367 1455 4433 ridetto
1516 4376 1684 4433 tutto
1740 4368 1951 4454 quello
1998 4368 2117 4433 che
2163 4366 2246 4431 ho
2293 4375 2521 4453 saputo
2569 4374 2635 4431 et
2679 4373 2904 4451 potuto

382 4566 426 4615 a)
457 4562 554 4605 Sic!

387 4670 434 4741 ¹)
472 4668 617 4740 Dass
666 4670 757 4727 die
802 4671 1160 4727 mamilichen
1197 4661 1582 4741 siusserunyen
1628 4671 1721 4726 des
1756 4670 2101 4737 Kwrfflrsten
2146 4670 2290 4726 noch
2334 4670 2463 4725 weit
2497 4666 2906 4723 entschiedener

245 4778 432 4817 waren
466 4762 553 4817 als
589 4760 681 4816 die
714 4761 1054 4828 soluistliche
1088 4761 1402 4817 Redaktion
1438 4761 1730 4829 aeramen,
1765 4762 1947 4832 τείρεα
1985 4761 2076 4816 die
2110 4760 2374 4816 micham
2407 4758 2620 4816 Stacke.
