3500 5300
1253 349 1353 405 No.
1393 351 1490 404 15:
1529 349 1667 404 1537
1703 348 1904 402 Januar
1941 348 1990 401 1.
2887 344 2958 404 97

469 544 630 609 Heri
677 545 866 610 andai
913 568 952 610 a
997 554 1223 631 questo
1270 543 1456 609 Ser¹¹²⁰
1503 567 1570 608 re
1619 551 1684 609 et
1728 542 1860 607 Sua
1905 542 2161 607 Maesta
2192 564 2313 607 000
2357 566 2513 627 gran
2545 552 2957 609 contentezza

291 655 376 716 mi
425 652 595 718 disse
641 652 876 718 havere
923 653 1131 716 inteso
1177 651 1295 716 che
1340 649 1403 715 la
1432 648 1683 715 Santita
1727 649 1794 713 di
1826 648 2065 713 Nostro
2098 647 2365 733 Signore
2395 648 2646 715 haveva
2694 673 2955 737 sospese

290 759 505 824 l’arme
574 767 796 824 contra
864 759 1202 824 Camerino
1273 768 1339 821 et
1396 757 1514 822 che
1573 765 1940 823 veramente
1998 754 2131 820 Sua
2188 755 2598 821 Beatitudine
2658 756 2953 843 [haveva]

255 854 256 857 ¹
289 865 455 930 fatto
501 888 652 930 cosa
698 865 906 950 degna
952 865 1018 929 di
1050 887 1204 930 vero
1244 865 1564 950 pontifice,
1611 872 1675 929 et
1718 865 1807 928 mi
1838 865 2082 928 ricerco
2129 885 2198 927 00
2244 864 2367 926 mai
2399 861 2651 928 haveva
2679 865 2958 950 risposta

233 971 375 1037 5da
433 971 564 1037 Sua
608 971 858 1037 Santita
918 974 1086 1037 circa
1147 971 1189 1035 il
1250 980 1511 1035 trattato
1558 970 1639 1035 de
1686 970 1747 1035 la
1796 992 1955 1055 pace
2004 969 2103 1034 col
2150 992 2218 1034 re
2267 968 2572 1048 Christum,
2619 973 2757 1034 0100
2803 993 2872 1036 00
2919 993 2958 1035 0

289 1077 422 1143 Sua
475 1077 725 1144 Santita
792 1101 1135 1144 occorreva
1204 1077 1470 1162 qualche
1540 1099 1692 1141 cosa
1754 1075 1920 1162 [che]
1983 1078 2034 1140 si
2097 1085 2354 1162 potesse
2410 1075 2546 1140 fare
2604 1079 2672 1140 in
2730 1085 2956 1162 questo

288 1188 564 1269 negotiO.
655 1195 720 1250 et
764 1188 850 1250 mi
884 1188 1220 1271 soggionse
1254 1183 1478 1267 ch'egli
1527 1184 1780 1248 haveva
1812 1182 1978 1247 fatto
2024 1185 2174 1247 tutti
2219 1181 2501 1266 gl'officii
2549 1206 2588 1246 a
2631 1182 2718 1246 lui
2751 1186 2956 1269 possi-

213 1336 226 1341 -
287 1291 401 1356 bili
447 1314 570 1357 con
626 1292 688 1356 la
731 1292 986 1357 Maesta
1033 1292 1310 1357 Cesarea
1368 1313 1491 1356 con
1550 1288 1899 1354 eshortarla
1956 1298 2021 1354 et
2066 1290 2354 1375 pregarla
2414 1298 2652 1375 quanto
2717 1299 2955 1376 poteva

285 1397 540 1463 volesse
587 1407 936 1485 postponer
982 1400 1177 1484 [ogni]
1225 1400 1479 1483 privato
1526 1395 1863 1460 commodo
1911 1418 1947 1460 a
1992 1396 2053 1459 10
2097 1398 2417 1460 necessita
2461 1396 2720 1482 publica
2766 1396 2847 1462 de
2894 1397 2956 1461 la

198 1513 267 1567 10
285 1503 738 1583 Christianita,
783 1515 849 1570 et
894 1505 1012 1569 che
1060 1505 1214 1569 hora
1260 1527 1386 1569 non
1434 1526 1677 1589 sapeva
1720 1504 1834 1589 piu
1882 1502 1999 1567 che
2045 1500 2201 1581 fare,
2247 1524 2376 1566 non
2423 1501 2719 1568 havendo
2767 1526 2953 1569 occa-

283 1614 464 1677 sione
511 1612 737 1677 alcuna
794 1611 1342 1690 d'intromettersi,
1400 1632 1530 1675 000
1589 1609 1863 1674 essendo
1908 1611 2236 1689 ricercatO,
2283 1609 2515 1696 perche
2561 1633 2741 1675 come
2788 1614 2955 1676 saria

283 1741 474 1805 parso
544 1718 662 1784 che
730 1717 1153 1805 l'imperatore
1209 1741 1326 1804 per
1386 1717 1429 1780 li
1488 1716 1668 1781 molti
1727 1715 1966 1780 vinculi
2015 1716 2077 1778 lo
2124 1715 2484 1781 stimulasse
2531 1740 2569 1781 a
2613 1719 2950 1804 interporsi

282 1825 385 1889 col
429 1848 499 1890 re
546 1823 831 1890 Clu-istm
881 1866 963 1874 -—
1011 1825 1186 1911 qual,
1245 1823 1516 1889 essendo
1561 1825 1798 1887 nimico
1845 1822 1912 1887 di
1974 1821 2107 1887 Sua
2159 1822 2436 1887 Cesarea
2489 1823 2776 1904 Maesta,
2822 1847 2949 1889 non

281 1940 522 2018 poteva
567 1954 742 1997 esser
786 1934 990 1998 amico
1036 1953 1075 1996 a
1118 1932 1206 1995 lui
1257 1971 1370 2009 —,
1417 1935 1554 1995 0001
1601 1929 1644 1992 11
1688 1928 1985 2015 predetto
2032 1929 2320 1994 0101οιωο
2365 1952 2482 2015 per
2536 1940 2761 2015 questa
2806 1953 2949 2017 per-

195 2047 262 2103 15
282 2041 580 2103 suasione
627 2039 894 2104 sarebbe
940 2045 1109 2103 stato
1154 2040 1266 2124 piu
1309 2036 1468 2102 duro
1515 2060 1554 2101 a
1596 2037 1885 2101 lasciarsi
1931 2038 2188 2122 piegare
2234 2035 2607 2120 agl’honesti
2654 2037 2948 2102 accordii.

281 2150 437 2231 pero
483 2154 751 2211 toccava
798 2167 836 2209 a
878 2145 943 2209 la
987 2143 1237 2209 Santita
1282 2144 1349 2208 di
1394 2142 1634 2207 Nostro
1680 2141 1947 2227 Signore
1994 2165 2032 2207 a
2076 2142 2444 2227 ricordargli
2493 2142 2669 2226 s’egli
2711 2152 2951 2229 poteva

280 2253 418 2317 fare
464 2252 731 2339 qualche
778 2274 930 2317 cosa
976 2260 1041 2315 et
1085 2273 1213 2315 non
1259 2256 1556 2315 mancara
1601 2250 1706 2314 dal
1738 2257 1929 2314 canto
1976 2271 2092 2313 suo
2139 2249 2205 2314 di
2251 2249 2353 2314 far
2405 2247 2552 2334 ogn'
2597 2271 2792 2335 opera
2835 2273 2951 2337 per

280 2357 630 2423 accordarli
676 2361 743 2423 in
789 2360 951 2423 tanti
995 2360 1351 2422 imminenti
1398 2357 1664 2443 pericoli
1711 2380 1750 2420 a
1795 2356 1856 2420 la
1888 2355 2321 2435 Christianita,
2368 2355 2531 2420 com’
2577 2378 2831 2440 ognuno
2864 2364 2948 2444 po

280 2465 754 2551 comprendere.

187 2581 260 2636 20
459 2571 775 2638 Desidero
821 2570 939 2637 che
985 2570 1224 2635 Nostro
1267 2569 1537 2655 Signore
1585 2568 1991 2634 conoscendo
2049 2567 2091 2632 11
2151 2568 2280 2633 bon
2337 2572 2549 2634 animo
2607 2570 2672 2634 di
2720 2580 2946 2657 questo

277 2703 380 2758 re,
427 2702 541 2765 per
584 2679 974 2744 mantenerlo
1019 2679 1145 2744 ben
1193 2678 1484 2764 disposto
1531 2683 1669 2743 0001
1714 2680 1783 2741 10
1828 2685 2055 2763 questa
2099 2685 2278 2763 parte
2325 2677 2406 2742 de
2452 2678 2515 2742 10
2558 2700 2717 2764 pace
2765 2701 2945 2745 come

277 2809 360 2851 00
406 2785 468 2851 la
511 2789 759 2851 sincera
801 2786 1136 2870 religione,
1194 2785 1404 2849 faccia
1448 2785 1676 2849 alcuna
1722 2783 1900 2848 volta
1944 2786 2222 2848 scrivere
2269 2783 2386 2848 che
2434 2786 2487 2848 si
2533 2786 2835 2867 ringratia
2882 2796 2946 2851 et

277 2896 333 2957 si
381 2892 645 2957 exhorta
690 2903 828 2972 etc„
873 2901 938 2956 et
984 2915 1107 2957 con
1155 2892 1370 2977 parole
1418 2891 1564 2955 dica
1609 2891 1653 2954 il
1700 2891 2051 2955 medesimo
2097 2890 2157 2955 al
2203 2912 2319 2954 suo
2365 2899 2593 2974 agente
2639 2898 2823 2956 costi.
2879 2903 2946 2957 ct

277 3006 311 3063 0
359 3001 718 3063 necessario
765 2999 882 3064 che
930 2998 1018 3064 V.
1066 2998 1129 3062 S.
1177 3021 1293 3084 per
1336 3007 1642 3062 mostrare
1689 2997 1809 3062 che
1870 3000 1924 3061 si
1970 3005 2163 3081 tenga
2208 3006 2399 3062 conto
2446 2996 2655 3062 d’esso
2702 3021 2799 3078 re,
2854 2999 2944 3063 al-

184 3115 255 3169 25
276 3128 444 3170 0000
508 3106 685 3171 volta
751 3106 960 3171 faccia
1028 3106 1307 3170 scrivere
1376 3104 1645 3190 qualche
1713 3126 1867 3168 cosa
1932 3103 2017 3169 da
2085 3106 2550 3169 communicare
2621 3127 2744 3170 con
2812 3103 2944 3170 Sua

274 3212 531 3277 Maesta
560 3215 624 3295 ¹),
668 3212 901 3299 perche
947 3221 1182 3297 quante
1230 3211 1403 3276 volte
1449 3213 1533 3275 mi
1582 3213 1825 3275 ritrovo
1871 3232 1993 3275 con
2041 3210 2169 3275 Sua
2213 3210 2499 3290 Maesta,
2557 3234 2808 3298 0οιορτο
2854 3215 2940 3276 mi

275 3318 577 3384 dimanda
632 3342 701 3384 se
761 3319 845 3383 ho
903 3318 1171 3405 qualche
1218 3340 1370 3382 cosa
1416 3318 1498 3382 da
1544 3317 1674 3382 800
1718 3318 2161 3398 Beatitudine‚
2222 3327 2284 3381 et
2345 3341 2476 3381 non
2534 3317 2830 3383 havendo
2876 3321 2939 3382 io

274 3426 394 3490 01ιο
440 3424 584 3490 dirli
630 3435 697 3491 et
740 3448 921 3491 come
976 3425 1412 3504 intertener10‚
1468 3448 1597 3488 non
1656 3424 1896 3489 bavero
1941 3424 2217 3489 anchora
2262 3423 2454 3488 modo
2500 3422 2564 3488 di
2613 3434 2797 3510 poter
2841 3428 2939 3490 in-

273 3531 538 3597 tendere
584 3555 734 3597 cosa
780 3540 954 3598 certa
1000 3541 1064 3597 et
1121 3532 1330 3616 degna
1389 3531 1664 3597 d'essere
1724 3534 1947 3596 scritta
2006 3554 2043 3596 a
2089 3529 2220 3596 Sua
2265 3530 2532 3609 Santita,
2579 3540 2643 3595 et
2689 3538 2826 3596 0001
2873 3535 2936 3596 10

182 3644 570 3704 3010000πο
616 3638 720 3704 (101
766 3638 984 3703 debito
1031 3641 1158 3703 mio
1205 3647 1269 3703 et
1316 3637 1446 3703 Sua
1491 3637 1740 3702 Santita
1785 3638 1923 3702 fara
1969 3638 2031 3701 la
2075 3661 2263 3723 spesa
2308 3636 2574 3702 indarno
2606 3637 2670 3701 di
2718 3647 2934 3704 tenere

272 3747 381 3831 qui
429 3747 658 3810 noncio
705 3768 894 3810 senza
940 3768 1115 3811 esser
1159 3747 1673 3810 continuamente
1733 3747 1980 3809 avisata
2026 3743 2105 3808 de
2151 3742 2586 3809 l'occorrentie
2634 3743 2934 3830 d’impor-

271 3861 475 3933 tanza,
520 3852 690 3937 quali
737 3875 863 3916 non
923 3854 975 3916 si
1034 3874 1312 3938 possono
1360 3874 1581 3939 sapere
1628 3873 1749 3915 con
1798 3859 2081 3915 certezza
2126 3873 2194 3915 00
2240 3873 2369 3914 000
2416 3873 2531 3936 per
2577 3853 2681 3915 via
2727 3851 2817 3916 dil
2862 3875 2930 3917 re

271 3981 468 4023 overo
514 3958 595 4023 de
642 3958 832 4044 quelli
879 3958 982 4024 del
1030 3959 1354 4044 consiglio.

447 4065 781 4152 Appresso
825 4088 953 4130 non
999 4070 1240 4130 restaro
1286 4065 1353 4130 di
1397 4065 1714 4130 ricordare
1763 4087 1799 4128 a
1845 4063 1933 4128 V.
1981 4064 2042 4126 S.
2090 4064 2209 4129 che
2256 4066 2350 4128 sia
2381 4072 2681 4129 contenta
2726 4063 2927 4129 darmi

181 4175 378 4238 36via
424 4181 490 4237 et
535 4172 818 4238 stabilire
865 4172 1086 4237 ordine
1133 4172 1296 4237 com'
1341 4171 1574 4237 habbia
1619 4171 1702 4236 ad
1747 4171 2047 4235 mandare
2096 4171 2152 4234 le
2199 4171 2422 4235 lettere
2477 4170 2559 4235 da
2603 4171 2842 4236 Trento
2889 4195 2928 4236 a

268 4279 538 4344 Mantua
583 4289 649 4343 et
692 4278 776 4344 da
820 4278 1090 4344 Mantua
1133 4302 1172 4344 a
1214 4278 1537 4364 Bologna,
1581 4277 1815 4364 perche
1861 4301 1987 4362 qua
2031 4283 2296 4362 operaro
2343 4277 2461 4342 che
2507 4300 2733 4343 sarano
2779 4301 2925 4364 por-

266 4395 398 4452 tate
443 4384 590 4450 fin’a
633 4385 875 4451 Trento
921 4408 1112 4451 senza
1156 4385 1315 4450 altro
1361 4384 1700 4471 dispendio
1746 4383 1815 4448 di
1859 4384 2066 4448 Nosto
2107 4384 2405 4468 Signore3
2450 4383 2553 4449 dcl
2600 4395 2769 4449 resto
2816 4388 2921 4470 poi

267 4500 410 4559 sara
454 4495 813 4558 necessario
859 4492 977 4559 che
1023 4493 1232 4579 quella
1277 4492 1385 4557 dia
1430 4491 1652 4557 ordine
1699 4490 2099 4578 expediente.

609 4647 797 4657 --—-—-

411 4724 454 4796 ¹)
506 4725 621 4796 Vyz.
657 4743 728 4781 zu
761 4742 847 4781 nr.
885 4729 968 4780 14.

369 4830 988 4880 nunu-tuterunt„
1027 4831 1144 4873 mu
1173 4830 1457 4883 Amanum,
1485 4829 1563 4872 m.
1591 4830 1654 4871 11.
2463 4811 2495 4865 7

3013 547 3156 598 1537

2974 615 3107 670 Jan.
3148 619 3180 669 1
