3500 5300
1269 322 1368 378 No.
1406 323 1501 377 27:
1541 322 1678 378 1537
1716 321 1861 376 Mflrz
1899 322 1948 376 6.
2831 315 2934 377 123

272 518 619 598 ermeli,
679 519 940 585 Nausea
1000 518 1341 601 habqieriq,
1401 519 1567 582 beide
1621 517 1839 600 klayen
1882 517 2030 581 iiber
2074 515 2711 598 Nichmmzennuny
2768 516 2855 579 ‘tha
2857 538 2936 579 er
2993 528 3134 578 1537

288 626 640 692 Verdien-ste
667 625 865 691 durch
908 626 1010 690 die
1042 624 1267 704 Curie,·
1312 625 1413 688 die
1454 631 1715 688 untffen
1750 624 1986 688 Diener
2012 624 2151 688 und
2178 624 2388 688 Rc'z‘the
2415 624 2567 687 siml
2596 624 2772 686 »wisc
2801 624 2935 687 dem
2953 598 3094 651 Mn
3134 600 3168 650 ⁶

274 733 355 799 K
358 732 527 799 lem-3
567 732 889 814 feindlich.
965 731 1093 796 Die
1123 731 1409 813 Reliyion
1438 731 1543 796 des
1570 730 1820 812 Κόηἰρε
1863 731 1949 793 ist
1975 730 2146 794 mehr
2177 730 2497 812 (insted-ich
2525 730 2665 793 und
2692 729 2939 793 hindert

275 840 392 907 ibn
435 839 609 903 nicht
638 838 950 923 Elam-iffa
993 839 1066 902 in
1109 839 1210 903 die
1240 838 1420 903 Habe
1447 839 1555 902 der
1593 838 1970 903 Geistlichen
2000 837 2136 900 und
2163 836 2448 902 Kirchen
2477 837 2934 902 vorzunehmen.

221 956 258 1011 5
277 947 365 1011 Ιη
408 947 528 1010 den
571 944 944 1023 Provinzen,
990 947 1091 1010 die
1134 946 1235 1010 die
1281 945 1483 1010 Nothe
1526 946 1631 1009 des
1673 944 1923 1026 Κόηίρε
1980 950 2411 1010 ααεειιηαέεεη
2456 943 2763 1008 verstehen
2778 995 2793 1019 ,
2835 966 2936 1024 ye-

273 1053 481 1119 wiomt
507 1052 625 1117 das
653 1052 1067 1117 lantherthwn
1099 1052 1327 1134 mylich
1355 1051 1525 1115 mehr
1568 1073 1657 1115 (ιη
1687 1050 1924 1115 Boden.
1987 1050 2496 1132 Befibrehmnyen
2540 1071 2743 1130 weyen
2773 1051 2940 1117 eines

276 1158 645 1241 Reichstaqs
687 1160 762 1223 in
804 1159 1030 1224 diesem
1075 1159 1258 1225 Jahr.
1358 1158 1564 1240 Groste
1609 1157 2058 1222 Friedmsliebe
2102 1158 2208 1221 cles
2253 1156 2517 1237 Kimiys.
2611 1156 2789 1220 Bitte
2830 1178 2939 1219 um

291 1265 711 1348 Vmichumy
754 1266 948 1330 dieses
993 1265 1260 1348 Bmefes.
1352 1268 1475 1330 153
1481 1270 1522 1329 7
1566 1264 1765 1331 Mc’irz
1811 1271 1851 1329 6
1900 1264 2086 1346 Pray.

420 1409 544 1463 Aua
577 1407 810 1477 Neapel,
851 1406 1081 1463 Grande
1121 1406 1388 1462 Archivio
1425 1405 1590 1462 Cat-te
1627 1405 1851 1461 Fames.
1890 1406 2050 1462 Fasc.
2091 1407 2194 1460 749
2237 1405 2386 1477 Oriy.
2403 1449 2420 1475 ,
2456 1407 2522 1461 in
2560 1406 2807 1474 Gkiffern
2843 1407 2942 1460 mit

181 1510 259 1565 10
490 1496 842 1566 beiyehmm
876 1495 1219 1565 Auflonmy.

453 1620 552 1686 Mi
598 1643 750 1708 pare
799 1618 1179 1707 expediente
1225 1643 1343 1707 per
1386 1622 1590 1687 intera
1635 1623 1866 1685 notitia
1920 1619 2130 1685 debba
2174 1623 2452 1685 scrivere
2499 1643 2538 1685 a
2583 1618 2671 1686 V.
2719 1618 2782 1685 S.
2829 1623 2941 1707 piu

273 1738 644 1794 veramente
688 1727 807 1793 che
854 1729 1059 1814 potrei
1108 1727 1155 1791 il
1199 1736 1365 1791 stato
1412 1726 1478 1791 di
1525 1736 1752 1813 questa
1797 1736 2001 1806 corte,
2046 1726 2346 1791 aceioche
2391 1727 2628 1791 Nostro
2677 1726 2941 1811 Signore

276 1856 460 1901 come
491 1833 985 1922 prudentissimo
1015 1837 1242 1920 sappia
1272 1833 1390 1899 che
1422 1856 1678 1920 sperare
1726 1856 1766 1897 o
1796 1843 2033 1898 temere
2080 1832 2147 1898 di
2177 1843 2406 1919 questa
2450 1844 2646 1920 parte.
2717 1842 2942 1919 questo

275 1965 347 2007 re
392 1940 474 2006 de
520 1941 792 2007 Romani
838 1947 872 2005 e
917 1930 984 2005 di
1030 1962 1156 2006 una
1201 1950 1427 2006 natura
1472 1940 1537 2006 di
1586 1963 1711 2005 non
1757 1950 1987 2026 pronto
2032 1944 2333 2026 ingegn0‚
2401 1964 2528 2005 non
2573 1941 2785 2022 facile,
2827 1964 2946 2027 per

187 2060 259 2115 16
277 2055 708 2134 consequente
754 2046 822 2112 di
866 2070 1088 2113 menor
1130 2050 1432 2113 auttorita
1463 2070 1773 2134 appresso
1817 2049 1864 2112 li
1910 2046 2149 2112 sudditi
2195 2048 2392 2112 molto
2439 2048 2657 2127 feroci,
2703 2071 2943 2134 povero

279 2154 364 2220 de
410 2153 634 2220 danari
679 2162 747 2220 et
790 2175 956 2242 poco
987 2162 1286 2219 accurato
1332 2155 1436 2219 nel
1466 2156 1815 2239 regimente
1861 2177 2012 2234 suo;
2058 2177 2159 2219 ma
2204 2155 2268 2219 la
2296 2153 2648 2239 grandezza
2695 2164 2759 2219 et
2803 2155 2945 2219 alti-

279 2261 504 2327 tudine
549 2260 618 2326 di
662 2259 902 2325 sudditi
961 2284 1079 2347 per
1130 2259 1306 2325 forza
1360 2261 1423 2325 lo
1470 2270 1858 2346 sustengono
1905 2269 1971 2325 et
2012 2260 2208 2326 fanno
2254 2284 2443 2347 parer
2484 2260 2740 2345 grande.
2833 2284 2946 2348 ap-

279 2390 505 2461 presso
549 2367 616 2432 di
661 2390 732 2432 se
776 2366 860 2432 ha
890 2376 1116 2453 quatro
1162 2368 1537 2452 conseglieri
1571 2370 1611 2450 ¹)
1628 2392 1644 2446 ;
1691 2389 1850 2432 sono
1895 2370 2101 2432 tenuti
2146 2371 2364 2453 rapaci
2411 2368 2689 2433 instabili
2741 2379 2807 2433 et
2850 2372 2946 2433 in-

280 2474 456 2540 fideli
503 2483 569 2539 et
614 2496 740 2539 uno
786 2473 852 2538 di
898 2474 1035 2539 loro
1066 2473 1390 2539 Luterano
1439 2474 1548 2559 [et]
1598 2473 1849 2539 fautore
1897 2472 1978 2539 de
2023 2472 2329 2539 Luterani
2358 2479 2439 2557 ²¹);
2485 2475 2530 2538 li
2578 2474 2686 2539 dui
2732 2498 2945 2540 vanno

185 2595 263 2651 20
282 2579 724 2662 claudicand0‚
769 2603 873 2645 ma
903 2603 1154 2668 sempre
1186 2579 1392 2645 odiosi
1423 2581 1486 2645 al
1515 2580 1687 2646 clero
1720 2590 1787 2645 et
1817 2602 1982 2668 poco
2012 2580 2310 2645 benevoli
2342 2581 2467 2646 alla
2505 2580 2659 2646 sede
2691 2592 2948 2669 aposto-

281 2691 428 2755 lica.
502 2689 547 2754 il
594 2710 877 2754 vescovo
923 2687 988 2753 di
1021 2686 1286 2754 Vienna
1331 2687 1699 2754 confessore
1740 2686 1809 2752 di
1855 2709 1999 2753 esso
2043 2710 2112 2753 re
2160 2696 2193 2751 e
2237 2687 2563 2773 gagliardo
2609 2688 2851 2754 audace
2883 2700 2949 2754 et

284 2795 545 2884 publico
591 2794 928 2861 defensore
975 2794 1144 2860 della
1185 2817 1341 2860 vera
1385 2796 1709 2880 religione,
1754 2817 1861 2859 ma
1905 2794 2141 2881 cupido
2187 2794 2253 2859 di
2298 2794 2534 2861 havere
2582 2805 2647 2860 ct
2691 2798 2949 2860 insat-ia-

283 2903 433 2982 bile,
477 2924 605 2967 non
649 2910 825 2967 tanto
872 2902 1231 2987 exemplare
1277 2923 1459 2967 come
1505 2901 1786 2980 doveria,
1834 2911 1900 2965 et
1944 2901 2010 2966 di
2056 2924 2183 2966 non
2228 2902 2425 2966 molta
2468 2906 2786 2986 auttorita‚
2834 2926 2950 2988 per

284 3019 522 3096 quanto
568 3012 623 3073 si
670 3014 798 3095 puo
845 3006 1334 3094 comprendere3
1379 3008 1424 3073 il
1455 3007 1715 3073 Nausea
1752 3006 2154 3094 predicatore
2185 3012 2359 3093 regio
2392 3007 2599 3088 avido,
2646 3018 2711 3073 et
2740 3012 2948 3094 questi

190 3129 268 3184 25
286 3115 399 3181 dui
443 3138 696 3203 sempre
743 3123 807 3180 et
851 3137 1042 3180 senza
1086 3117 1355 3201 rispetto
1402 3118 1453 3179 si
1514 3116 1877 3180 lamentano
1937 3114 2107 3181 della
2159 3115 2312 3181 sede
2359 3116 2711 3201 apostolica
2760 3126 2823 3180 et
2868 3115 2950 3181 de

287 3226 459 3302 tutti,
500 3221 798 3288 iactando
842 3222 904 3287 le
951 3244 1064 3286 sue
1111 3220 1367 3302 fatiche,
1413 3243 1594 3287 come
1638 3222 1769 3287 mal
1812 3224 2297 3308 recognosciuti.

465 3329 548 3393 Li
592 3329 736 3393 altri
781 3331 1052 3392 ministri
1099 3331 1209 3414 pia
1256 3327 1481 3411 bassi⁸)
1542 3351 1698 3392 sono
1759 3331 1825 3393 in
1883 3338 2064 3415 parte
2110 3330 2336 3408 buoni,
2398 3333 2463 3393 in
2508 3341 2687 3416 parte
2734 3341 2953 3395 conta-

288 3438 543 3515 minati3
597 3458 700 3500 ma
746 3457 978 3500 ancora
1020 3435 1066 3499 li
1114 3433 1306 3499 buoni
1354 3458 1603 3522 sempre
1660 3435 1787 3500 han
1833 3435 2100 3521 qualche
2147 3438 2403 3522 querela
2451 3447 2671 3501 contra
2714 3438 2759 3501 li
2806 3441 2951 3524 capi

290 3543 630 3609 chierieali.

196 3664 273 3718 30
468 3649 567 3714 La
610 3650 916 3734 religione
962 3647 1030 3713 di
1075 3658 1303 3735 questo
1361 3672 1428 3714 re
1489 3653 1770 3715 consiste
1828 3653 1941 3737 piu
1985 3654 2050 3716 in
2098 3651 2161 3715 la
2205 3650 2401 3715 bonta
2445 3652 2728 3716 naturale
2777 3663 2842 3716 et
2888 3654 2950 3716 in

291 3759 637 3823 cerimonie
684 3758 1000 3837 exteriori,
1046 3758 1183 3821 cioe
1229 3779 1422 3842 opere
1469 3757 1535 3822 di
1581 3760 1771 3844 pieta.

471 3861 603 3928 Sua
644 3863 900 3929 Maesta
943 3865 999 3928 si
1045 3863 1213 3928 lassa
1267 3872 1649 3930 trascorrere
1707 3888 1825 3952 per
1878 3865 1925 3930 il
1969 3866 2096 3931 mal
2156 3867 2462 3950 consiglio
2511 3876 2575 3932 et
2619 3866 2791 3931 forse
2838 3889 2956 3953 per

291 3972 356 4036 la
400 3973 717 4037 necessita
761 3993 799 4034 a
845 3969 1178 4035 dimandar
1223 3979 1287 4034 et
1335 3972 1514 4036 voler
1557 3971 1832 4037 sussidio
1879 3971 2045 4038 dalle
2091 3995 2361 4058 persone
2410 3975 2841 4040 ecclesiastice
2891 3983 2956 4039 et

437 4147 1973 4201 a)Sokae-bhomtbnonide00ria.,moichervaeaehmhenffl.

199 4260 278 4315 35
443 4256 484 4322 ¹)
530 4255 644 4326 Vql.
679 4256 788 4310 das
830 4257 1168 4325 emanando
1223 4257 1394 4312 Stock
1429 4275 1514 4313 nr.
1553 4262 1657 4324 46,-
1703 4258 1928 4314 danach
1974 4259 2105 4314 sind
2152 4265 2320 4315 πταίει·
2369 4260 2477 4316 den
2512 4264 2546 4315 4
2581 4262 2801 4317 Rc‘ithen
2837 4278 2954 4318 ver·

293 4346 527 4400 standan
565 4345 662 4399 der
692 4345 966 4400 Cardinal
988 4363 1096 4400 von
1129 4347 1334 4413 Trient,
1371 4346 1600 4402 Johann
1633 4348 1953 4416 Hoffmann,
2006 4349 2253 4403 Wilhelm
2291 4367 2398 4404 von
2426 4349 2809 4420 Roqymdorff
2834 4351 2957 4404 und

293 4434 595 4490 Iaeonhard
629 4451 732 4488 von
767 4434 922 4501 F0133
969 4437 1067 4505 vql.
1107 4436 1252 4489 auch
1288 4436 1395 4489 Bd.
1435 4441 1468 4491 1
1504 4453 1592 4490 nr.
1635 4441 1716 4491 77.
1792 4437 2132 4504 Aufsallend
2167 4440 2256 4506 ist,
2294 4437 2414 4509 dass
2451 4441 2684 4494 Morene
2728 4441 2805 4494 sle
2842 4442 2955 4494 ins·

291 4529 556 4593 ymmmt
591 4524 675 4578 als
710 4526 909 4594 rapaci
945 4542 1001 4578 u.
1038 4541 1080 4579 s.
1118 4543 1182 4579 w.
1220 4526 1546 4592 bezeichnet,
1597 4543 1709 4581 was
1745 4526 1863 4592 auf
1897 4526 2004 4580 den
2043 4527 2317 4581 Cardinal
2353 4530 2659 4598 ananciqle'ch
2696 4530 2957 4597 znlreffm

296 4612 452 4666 kann
482 4611 575 4678 (ob
611 4629 707 4667 vor
742 4629 876 4668 sono
914 4613 1015 4669 das
1060 4613 1349 4669 Wiinchen
1383 4621 1468 4669 tre
1504 4615 1847 4684 ausyefallen
1882 4616 1957 4672 ist
1968 4614 2032 4682 Ρ).

203 4706 279 4761 40
443 4700 489 4773 ¹)
529 4702 776 4756 Gemeint
811 4704 883 4757 ist
919 4702 1144 4758 Johann
1181 4703 1502 4772 Hoffmann.
