3500 5300
1272 394 1371 448 Nc.
1417 394 1544 448 145:
1584 395 1720 449 1535
1758 394 1865 448 Mai
1901 397 1952 449 6.
2830 390 2939 453 378

280 590 419 657 loco
466 587 734 671 concilii,
781 612 898 674 ego
948 588 1186 677 urgebo
1236 598 1305 655 ut
1363 590 1550 655 detur
1619 589 1771 654 mihi
1830 613 2197 678 responsum
2259 614 2447 678 super
2506 594 2936 679 acceptatione
2992 593 3133 644 1535

275 696 433 780 loci3
496 719 611 784 pro
673 720 797 783 quo
844 696 1053 761 dando
1114 698 1437 763 existimat
1493 696 1668 762 lllunm
1717 697 1852 762 dux
1903 697 2254 763 Willelmus
2300 698 2469 786 quod
2515 701 2596 763 sit
2653 701 2936 765 futurum
2955 663 3082 716 Μαι
3121 666 3155 716 6

275 826 527 869 necesse
573 804 783 869 facere
829 826 1023 868 unum
1084 813 1467 870 conventum
1528 806 1887 891 principum
1948 804 2171 870 horum
2229 808 2338 892 qui
2394 815 2540 871 sunt
2582 807 2648 870 in
2694 805 2937 871 ambitu

272 912 604 976 BavaricO.
696 913 749 976 si
796 933 945 976 vero
992 913 1057 976 in
1115 913 1322 978 reditu
1384 934 1524 977 meo
1572 911 1783 977 adhuc
1839 936 1966 977 non
2014 911 2262 977 habebo
2332 934 2700 999 responsum
2768 914 2937 1001 quod

221 1025 564 1105 5expect0‚
608 1041 725 1104 ego
773 1017 1109 1083 subsistam
1136 1019 1391 1085 Monaci
1438 1027 1501 1085 et
1530 1018 1903 1106 aliquandiu
1929 1019 2282 1106 expectabo
2328 1019 2514 1099 illud;
2562 1044 2710 1086 nam
2742 1044 2938 1109 quum

272 1125 581 1213 Majestas
627 1126 855 1191 Vestra
901 1127 1219 1213 scripserit
1264 1127 1346 1191 ad
1393 1126 1769 1192 Caesaream
1816 1127 2213 1214 Majestatem
2264 1138 2298 1193 7
2350 1126 2451 1192 die
2496 1128 2712 1215 aprilis
2731 1178 2748 1211 ,
2809 1152 2936 1193 non
2957 1128 3094 1196 Apr.
3135 1132 3169 1181 7

272 1235 507 1320 poterit
551 1233 786 1298 diutius
833 1256 1202 1320 responsum
1249 1234 1369 1299 hoc
1408 1234 1663 1299 tardare
1710 1235 1863 1322 quin
1910 1236 2138 1299 veniat.

456 1340 645 1421 Quod
691 1363 807 1427 ego
854 1363 1099 1428 semper
1133 1341 1425 1428 judicavi
1486 1341 1655 1428 quod
1718 1364 1972 1406 necesse
2030 1343 2112 1407 sit
2169 1349 2240 1407 ut
2296 1345 2472 1430 prius
2519 1342 2830 1409 Caesarea
2876 1352 2938 1408 et

272 1447 505 1513 Vestra
550 1447 850 1535 Majestas
907 1455 1235 1534 acceptent
1300 1450 1476 1535 ipsae
1544 1471 1740 1513 unum
1803 1449 2011 1513 locum
2027 1499 2045 1531 ,
2114 1449 2180 1513 id
2241 1473 2492 1516 necesse
2553 1452 2940 1516 existimavit

190 1562 253 1615 10
271 1555 427 1619 Rama
474 1554 811 1619 cardinalis
857 1554 1357 1643 Saltzpurgensis
1413 1563 1477 1620 et
1522 1579 1726 1642 nuper
1772 1555 1835 1620 hi
1882 1556 2009 1620 duo
2055 1558 2400 1644 principes,
2448 1560 2569 1645 *qui
2615 1560 2702 1622 ita
2748 1561 2935 1624 etiam

270 1662 426 1726 mihi
473 1662 803 1728 dixerunt:
854 1686 968 1727 nos
998 1663 1252 1749 quidem
1285 1664 1472 1728 etiam
1508 1663 1772 1728 Romam
1805 1686 2005 1751 usque
2036 1665 2270 1728 iremus
2317 1664 2399 1730 ob
2445 1665 2621 1730 hanc
2639 1688 2933 1750 causam3

270 1769 385 1835 sed
432 1771 832 1835 consentiant
876 1771 1053 1856 prius
1097 1792 1266 1857 papa
1311 1778 1375 1835 et
1421 1768 1673 1835 Caesar.

454 1875 648 1942 Aliud
696 1876 849 1941 mihi
896 1884 1281 1963 aperuerunt
1326 1899 1476 1942 sane
1532 1878 2014 1959 advertendum,
2079 1877 2249 1965 quod
2309 1877 2545 1944 scilicet
2603 1880 2938 1945 consulunt

270 1985 444 2073 quod
492 1984 806 2051 Caesarea
851 1991 914 2049 et
959 1983 1187 2049 Vestra
1242 1983 1543 2101 Majestas
1611 1984 1967 2071 dilligenter
2026 1985 2396 2069 attendunt3
2462 2009 2611 2050 narn
2680 1988 2934 2073 quando

187 2097 249 2149 15
270 2093 500 2157 caeteri
560 2092 879 2178 principes
940 2069 1320 2157 Germaniae
1378 2090 1727 2178 intelligent
1780 2115 1820 2155 a
1877 2114 1979 2157 me
2040 2091 2204 2156 hanc
2263 2093 2588 2157 materiam
2666 2093 2935 2177 concilii,

270 2199 485 2264 volent
528 2199 689 2264 forte
752 2195 868 2262 sub
915 2205 1186 2284 pretesto
1234 2197 1629 2264 consultandi
1676 2205 1738 2263 et
1769 2221 2138 2285 responsum
2168 2198 2363 2264 dandi
2408 2199 2617 2264 facere
2664 2201 2935 2289 aliquem

268 2304 627 2393 generalem
676 2312 1058 2371 conventum
1102 2308 1269 2371 inter
1314 2328 1415 2390 se3
1475 2306 1586 2370 sed
1645 2329 1772 2371 non
1832 2308 1952 2370 erit
2015 2305 2138 2370 illis
2185 2306 2694 2392 concedendum,
2740 2309 2935 2374 immo

270 2421 456 2479 erunt
500 2412 887 2500 impediendi
933 2435 1011 2477 ne
1057 2415 1298 2500 possint
1363 2413 1602 2496 facere,
1672 2416 1824 2501 quia
1881 2420 2043 2478 esset
2099 2413 2443 2499 pericolum
2503 2437 2584 2479 ne
2655 2416 2937 2481 facerent

270 2519 398 2585 illic
446 2522 653 2608 potius
697 2543 890 2585 unam
937 2519 1129 2585 veluti
1163 2522 1662 2607 conjurationem
1694 2529 1917 2587 contra
1961 2520 2149 2585 fidem
2192 2519 2568 2586 catholicam
2616 2529 2678 2587 et
2722 2524 2935 2589 defen-

187 2633 441 2695 20sores
485 2630 697 2715 ipsius
755 2635 818 2694 et
862 2626 1164 2694 dicebant
1208 2628 1359 2693 mihi
1431 2629 1600 2716 quod
1645 2652 1762 2715 ego
1832 2627 2005 2694 nullo
2076 2628 2260 2694 modo
2317 2637 2594 2716 peterem
2656 2654 2933 2718 unquam

269 2747 381 2802 aut
427 2738 842 2802 consentirem
896 2743 963 2800 ut
1006 2759 1122 2823 pro
1168 2758 1465 2822 responso
1536 2737 1750 2802 dando
1819 2736 2056 2801 faciant
2114 2736 2470 2823 generalem
2533 2746 2931 2821 conventum,

270 2846 380 2910 sed
450 2846 688 2909 faciant
754 2842 1198 2929 particularem
1222 2892 1240 2927 ‚
1313 2845 1366 2907 si
1433 2842 1658 2909 volunt
1722 2845 1789 2907 in
1858 2866 1971 2909 suo
2040 2837 2315 2926 ambitu,
2387 2845 2537 2931 quia
2588 2844 2644 2908 is
2689 2854 2783 2909 est
2826 2868 2932 2909 ne·

270 2954 599 3018 cessarius.

451 3058 854 3124 Serenissime
901 3080 1049 3141 rex,
1108 3040 1224 3144 ego
1271 3080 1443 3123 nunc
1487 3058 1702 3141 vide0,
1775 3059 1923 3145 quia
1967 3081 2107 3122 sum
2153 3059 2218 3122 in
2265 3058 2464 3141 facto,
2535 3057 2703 3147 quod
2763 3066 2932 3125 certe

185 3168 389 3232 25fuit
435 3189 576 3231 mea
608 3164 779 3230 bona
824 3163 1191 3230 deliberatio
1239 3172 1301 3229 et
1344 3164 1581 3229 bonum
1628 3166 1748 3229 fuit
1796 3165 2124 3231 consilium
2169 3166 2521 3252 Majestatis
2553 3165 2820 3231 Vestrae
2861 3175 2931 3231 ut
3009 3198 3020 3211 ·

268 3276 545 3361 primum
596 3274 874 3338 venirem
923 3272 1006 3336 ad
1054 3271 1223 3336 hunc
1255 3272 1579 3355 circulum,
1628 3274 1779 3360 quia
1807 3295 1936 3337 non
1969 3274 2311 3359 potuissem
2357 3274 2608 3338 interim
2656 3280 2930 3338 tractare

267 3405 411 3446 cum
461 3379 601 3445 aliis
646 3378 1058 3466 principibus,
1105 3380 1213 3467 qui
1261 3402 1386 3443 non
1434 3386 1581 3444 sunt
1624 3380 1714 3443 ita
1760 3378 1935 3462 boni,
1980 3381 2044 3443 in
2092 3379 2229 3444 aliis
2275 3379 2526 3444 circulis
2571 3378 2808 3468 absque
2856 3402 2928 3445 eo

267 3489 438 3577 quod
506 3496 854 3574 portassem
922 3509 1173 3551 mecum
1243 3485 1579 3552 resolutam
1652 3488 2055 3574 oppinionem
2118 3485 2463 3552 Caesareae
2533 3494 2596 3552 et
2665 3486 2930 3552 Vestrae

268 3597 635 3684 Majcstatis.
727 3594 829 3659 hic
874 3617 1023 3659 vero
1070 3600 1275 3659 tracto
1337 3596 1514 3681 quasi
1573 3617 1687 3681 per
1746 3594 2006 3659 modum
2054 3592 2451 3658 consultandi
2494 3594 2820 3658 materiam
2866 3603 2930 3659 et

183 3702 249 3757 30
267 3712 435 3769 certe
481 3702 704 3768 videor
747 3700 898 3765 mihi
943 3701 1151 3766 facere
1199 3700 1435 3766 bonum
1496 3702 1793 3783 fructum,
1854 3702 2003 3789 quia
2055 3699 2325 3765 multum
2386 3702 2663 3765 animavi
2718 3710 2783 3766 et
2825 3724 2927 3767 ac-

267 3811 455 3876 cendi
500 3809 614 3875 hos
660 3809 821 3873 duos
887 3807 1085 3873 bonos
1131 3810 1462 3895 principes.
1554 3815 1617 3874 et
1661 3810 1936 3893 cogitavi
1997 3808 2167 3896 quod
2222 3809 2433 3872 statim
2493 3806 2706 3873 habita
2753 3810 2928 3895 oppi-

265 3921 453 3984 nione
501 3916 848 3983 Caesareae
894 3921 958 3979 et
1002 3915 1269 3980 Vestrae
1316 3915 1666 4002 Majestatis
1711 3938 1828 4001 ego
1875 3913 2127 3979 habebo
2160 3917 2516 4002 opinionem
2549 3915 2924 3980 concordem

264 4027 445 4091 istius
491 4023 710 4089 circuli
758 4030 820 4088 et
866 4046 1011 4089 cum
1044 4023 1163 4088 hoc
1196 4022 1359 4089 bono
1391 4024 1703 4110 principio
1749 4030 1967 4109 potero
2001 4029 2220 4109 postea
2252 4045 2395 4087 cum
2443 4022 2665 4109 majori
2713 4022 2926 4087 fructu

264 4134 504 4197 intrare
549 4134 615 4196 in
661 4130 967 4219 reliquam
1014 4138 1257 4218 partem
1292 4130 1687 4196 Germaniae.
1758 4130 2072 4195 Viennam
2103 4128 2331 4194 nollem
2362 4131 2592 4194 reverti
2637 4130 2757 4192 nisi
2787 4152 2926 4216 per-

184 4237 430 4305 35fecto
476 4249 607 4304 toto
651 4240 892 4315 itinere,
941 4240 1110 4325 quia,
1157 4240 1208 4301 si
1256 4236 1357 4302 vel
1386 4260 1613 4325 parum
1661 4239 1961 4324 temporis
2004 4239 2367 4321 intermittO,
2413 4237 2676 4302 materia
2703 4236 2927 4323 perdet

266 4349 726 4435 reputationem
772 4369 952 4411 suam
998 4354 1062 4410 et
1103 4347 1423 4432 principes
1454 4344 1837 4410 Germaniae
1882 4367 1997 4431 pro
2028 4344 2140 4410 tali
2183 4345 2640 4409 intermissione
2683 4342 2923 4431 aliquid

265 4456 417 4520 mali
463 4455 887 4541 suspicantur.

444 4561 550 4626 Ex
596 4560 894 4646 Frisinga
941 4570 977 4626 6
1025 4560 1179 4647 maji
1211 4561 1280 4643 ¹).
2939 4554 3070 4609 Mai
3105 4557 3141 4609 6

412 4795 455 4865 ¹)
498 4794 610 4849 Die
645 4794 905 4848 Antwort
941 4794 1057 4858 auf
1084 4793 1258 4848 dieses
1293 4792 1583 4848 Schreiben
1619 4810 1659 4845 s.
1697 4808 1752 4844 u.
1793 4807 1876 4845 nr.
1917 4794 2034 4844 155.
