3500 5300
497 294 603 361 584
1273 297 1368 356 No,
1408 301 1717 358 242-243:
1761 301 1898 357 1536
1941 298 2222 373 April—c.
2262 297 2384 356 Mai.

306 504 444 553 1536
499 498 835 562 sideratam
898 501 1329 586 maximopere
1389 501 1890 582 commendavit,
1954 509 2070 564 nec
2131 523 2255 563 non
2305 499 2716 564 Franciscum
2771 498 3164 563 Francorum

306 573 441 641 ΑΨ·
498 629 709 690 regem
758 606 1105 688 Christm0···,
1152 631 1189 669 a
1238 631 1362 694 quo
1412 605 1532 672 tale
1579 610 1768 671 etiam
1831 631 2198 693 responsum
2247 606 2433 694 quale
2480 631 2518 670 a
2567 606 2673 670 tali
2722 609 3006 693 principe
3055 630 3168 670 ex-

499 713 927 797 pectabamuS,
975 713 1390 779 obtinuimus‘
1426 720 1488 796 ¹).

675 821 813 905 [3]
861 821 1195 885 Praeterea
1244 821 1353 885 ubi
1401 821 1497 885 bis
1558 823 1629 885 fit
1688 824 1922 885 mentio
1970 822 2049 886 de
2105 823 2386 907 personis
2433 821 2626 886 solitis
2671 823 3056 885 intervenire
3103 824 3168 885 in

498 927 762 991 concilio
820 928 1130 1012 generali,
1191 930 1271 992 ad
1333 928 1672 993 tollendum
1735 951 1986 993 omnem
2048 928 2412 1015 scrupulum
2470 939 2531 992 et
2576 929 2969 993 occasionem
3020 952 3168 992 con·
3233 943 3270 992 ἔ)

500 1034 796 1099 tendendi
858 1046 1067 1121 posset
1128 1059 1238 1121 pro
1301 1036 1494 1100 verbo
1557 1036 1822 1116 ‚solent‘
1887 1038 2034 1122 poni
2109 1034 2409 1118 ,debent‘
2439 1037 2525 1122 ²),
2586 1059 2748 1122 quae
2808 1039 2874 1099 in
2934 1037 3170 1099 effectu

500 1141 664 1205 idem
714 1141 1015 1206 efficiunt.

676 1250 792 1334 [4]
840 1249 1231 1314 Postremum
1298 1249 1406 1314 ubi
1467 1261 1854 1315 memoratur
1914 1250 2248 1315 concilium
2296 1251 2602 1315 indictum
2664 1273 2776 1336 per
2823 1251 3011 1315 Pium
3061 1251 3168 1315 Se-

499 1356 777 1420 cundum
834 1358 898 1420 in
957 1358 1214 1421 civitate
1262 1357 1643 1438 Mantuana,
1714 1360 1924 1422 forsan
1984 1358 2207 1423 melius
2266 1368 2428 1423 esset
2472 1358 2592 1422 hoc
2649 1361 3166 1444 praetermittere,

502 1485 696 1550 quum
760 1464 1043 1550 predicta
1104 1464 1363 1529 indictio
1423 1466 1613 1530 fuerit
1672 1468 1802 1529 sine
1863 1466 2089 1530 effectu
2149 1478 2209 1530 et
2255 1465 2428 1530 illam
2476 1464 2781 1530 Germani
2829 1465 3169 1529 videantur
3199 1481 3266 1529 10

500 1568 733 1635 habere
779 1593 1053 1635 exosam.
1146 1581 1209 1636 et
1254 1573 1599 1638 verendum
1662 1583 1753 1637 est
1814 1596 1892 1638 ne
1953 1573 2110 1638 haec
2156 1575 2696 1654 commemoratiO,
2760 1595 2885 1659 que
2931 1571 3164 1658 alioqui

500 1680 851 1742 necessaria
899 1702 1021 1742 non
1071 1689 1181 1760 est,
1230 1680 1337 1743 det
1382 1702 1599 1744 ansam
1649 1703 1782 1744 rem
1828 1682 2135 1745 curiosius
2184 1680 2512 1766 repetendi
2542 1680 2614 1768 ³).

678 1894 1091 1979 [Aufschrifl
1160 1916 1275 1957 von
1326 1893 1685 1958 Alcanders
1754 1895 2008 1981 Hand]
2071 1896 2254 1960 Hanc
2314 1893 2678 1959 schedulam
2739 1893 3164 1959 exhibuerunt

502 2000 643 2064 ΗΝ*
691 2001 961 2065 dominis
1008 2000 1325 2087 deputatis
1372 2024 1559 2087 super
1606 2002 1774 2066 facto
1822 2002 2071 2066 concilii
2121 2001 2212 2066 Ill.
2263 2003 2500 2067 domini
2547 2001 2758 2067 Covos
2804 2010 2865 2066 et
2914 2001 3162 2066 Grand-

501 2105 659 2170 velle
706 2110 956 2171 nomine
1004 2106 1312 2172 Cesareae
1360 2108 1708 2193 Majestatis
1756 2117 1817 2171 et
1863 2121 1956 2172 est
2002 2109 2323 2193 originalis
2370 2107 2690 2174 schedula.
3190 2123 3261 2172 15

677 2216 808 2300 [In
851 2236 1028 2279 verso
1058 2236 1177 2280 von
1209 2215 1599 2299 demselben]
1648 2215 1746 2279 Ea
1788 2239 1952 2301 quae
1983 2215 2402 2281 observarunt
2432 2216 2780 2281 Caesareae
2814 2215 3162 2301 Majestatis

501 2321 839 2387 consiliarii
886 2323 950 2385 in
998 2323 1241 2386 minuta
1290 2320 1499 2387 bullae
1547 2346 1734 2410 super
1781 2323 2046 2386 concilio
2093 2323 2391 2408 generali,
2440 2324 2592 2388 dum
2639 2333 2801 2386 esset
2852 2320 3164 2387 Caesarea

502 2431 629 2493 Sua
679 2428 989 2514 Majestas'
1025 2429 1261 2494 Romae
1308 2452 1473 2493 anno
1521 2430 1759 2493 domini
1788 2442 1859 2514 ⁸).

272 2754 312 2787 C·
354 2733 662 2800 Mam-13.
756 2733 829 2797 P.
888 2733 951 2796 P.
1018 2733 1353 2815 Veryere'o‘s
1412 2733 1817 2814 Denlcschrift
1875 2755 1993 2797 zm·
2051 2733 2545 2815 Beti‘lrwortuny
2602 2735 2710 2797 dm·
2759 2734 3164 2815 Auslassrmq

500 2842 608 2904 der
691 2841 887 2904 Worte
944 2840 1293 2905 secundum
1356 2864 1593 2904 morem
1653 2841 1920 2904 aliorum
1982 2841 2391 2905 conciliorum
2436 2842 2523 2905 'in
2591 2842 2702 2904 der
2761 2841 3162 2923 Berutimys-
3183 2864 3259 2914 :20

499 2946 664 3012 balle
708 2950 822 3011 mit
878 2948 1208 3012 Riickse'cht
1263 2950 1390 3028 auf
1435 2949 1535 3011 dele
1581 2948 1939 3029 Stimmuny
2000 2950 2073 3012 *in
2129 2948 2565 3013 Deutschland.
2659 2950 2875 3033 [1536
2922 2972 2970 3012 c.
3023 2949 3165 3012 Mae·

500 3054 681 3119 Rom.
685 3056 731 3140 ]

642 3202 763 3253 Ans
801 3198 959 3267 Rom,
998 3199 1143 3252 Bibl.
1189 3200 1312 3253 Vat.
1350 3198 1482 3253 Cod.
1525 3199 1652 3253 Vat.
1690 3199 1836 3253 3914
1870 3199 1964 3251 fol.
2003 3198 2328 3251 282⁸—286
2343 3210 2387 3264 ⁸,
2427 3216 2532 3253 von
2569 3197 2667 3251 der
2695 3199 2876 3253 Hand
2911 3199 3009 3253 des
3039 3197 3165 3252 Ver·

708 3290 885 3356 yet-io:
936 3289 1081 3342 daza
1133 3288 1228 3343 fol.
1278 3290 1417 3341 281·
1479 3287 1763 3357 folyender
1807 3288 2056 3341 Vermerk
2109 3304 2217 3340 von
2271 3287 2578 3342 Alcanders
2634 3286 2813 3341 Hand
2869 3295 3166 3361 Βεργερίου

716 3386 938 3450 ἄκαιρος
973 3382 1140 3445 βουλὴ
1174 3383 1261 3431 καὶ
1302 3379 1520 3444 ψευδῶν
1546 3382 1736 3449 μεστή.
1795 3376 2164 3431 Summarium
2193 3378 2340 3447 quod
2368 3377 2618 3447 sequitur
2645 3385 2766 3431 erat
2792 3378 3163 3447 prescriptum
3182 3379 3254 3433 25

714 3469 941 3521 consilio
979 3468 1125 3537 quod
1164 3476 1482 3538 prepostere
1520 3467 1671 3521 dedit
1710 3467 2009 3536 Vergerius
2047 3473 2174 3537 post
2215 3468 2329 3537 jam
2370 3467 2772 3522 comunicatam
2812 3484 2926 3521 rem
2964 3485 3000 3521 a
3033 3483 3161 3537 pon·

713 3556 863 3610 tifice
912 3574 1038 3611 cum
1090 3556 1287 3610 Cesare
1340 3566 1395 3611 et
1459 3556 1735 3611 decretam
1789 3555 1994 3610 bullam
2044 3557 2385 3611 indictionis:
2443 3557 2548 3611 che
2608 3552 2903 3612 avantiche
2963 3559 3161 3611 Nostro

715 3648 945 3716 Signore
981 3645 1161 3700 faccia
1199 3646 1252 3699 la
1288 3647 1555 3701 indiction
1593 3646 1670 3699 dil
1708 3646 1959 3713 concilio,
1998 3647 2080 3699 sia
2111 3645 2352 3717 besogno
2379 3664 2412 3700 a
2440 3646 2624 3717 questi
2661 3647 2832 3717 tempi
2869 3646 2928 3700 di
2965 3653 3164 3701 trattar

715 3753 817 3789 con
854 3736 934 3806 gli
969 3735 1183 3789 elettori
1224 3744 1280 3789 et
1315 3736 1439 3789 altri
1480 3736 1715 3805 principi
1754 3744 1810 3789 et
1848 3737 1980 3790 stati
2017 3736 2103 3789 del
2143 3736 2370 3806 imperio
2406 3737 2556 3792 circa
2591 3736 2632 3789 il
2669 3736 2860 3804 lucen,
2909 3738 2962 3789 al
3002 3736 3161 3806 quale

716 3826 760 3877 si
818 3824 987 3878 habbi
1038 3841 1072 3877 a
1116 3824 1270 3878 farne
1322 3826 1373 3878 la
1425 3826 1683 3879 inditiion
1739 3835 1793 3878 et
1846 3843 2035 3880 cercar
2090 3826 2127 3878 il
2180 3843 2446 3879 consenso
2496 3825 2610 3880 loro
2655 3826 2725 3879 ad
2774 3827 2977 3880 alcuna
3026 3823 3247 3881 citth3o

714 3914 947 3967 d'Italia.
1024 3915 1126 3968 hoc
1164 3925 1349 3969 autem
1388 3914 1611 3985 scripsit
1647 3914 1791 3968 idem
1829 3914 2130 3986 Vergerius
2167 3923 2461 3986 postquam
2508 3914 2622 3969 fere
2660 3915 2903 3969 omnium
2940 3914 3160 3970 Germa-

714 4022 909 4057 norum
933 4004 1243 4073 principum
1273 4020 1598 4058 consensum
1638 4005 1870 4075 ipsemet
1906 4005 2142 4059 nuncius
2181 4004 2451 4059 habuerat
2489 4013 2540 4058 et
2572 4004 2743 4059 Cesar
2772 4002 2979 4058 Romae
3017 4003 3160 4057 nulla

714 4091 1044 4147 difficultate
1080 4093 1231 4148 facta
1272 4092 1554 4147 Mantuam
1594 4093 1762 4147 libere
1800 4102 2203 4164 acceptaverat.

645 4326 687 4367 al
717 4327 800 4365 Sic.

650 4433 689 4498 ¹)
730 4434 894 4487 Diese
950 4432 1301 4501 {Vendunqcn
1339 4434 1529 4500 finden
1565 4435 1679 4488 sich
1717 4435 1946 4488 beinalae
1977 4435 2218 4489 wortlich
2255 4437 2332 4488 im
2354 4437 2488 4489 Text
2525 4434 2623 4489 der
2641 4434 3119 4505 Berufunysbulle.
3172 4433 3238 4487 35

645 4522 691 4591 ²)
732 4523 1231 4591 Berufunysbulle:
1269 4524 1363 4594 qui
1401 4524 1468 4577 de
1499 4525 1623 4593 jure
1661 4524 1747 4578 vel
1776 4525 2171 4579 consuetudine
2208 4526 2263 4577 in
2292 4525 2585 4578 universali
2625 4524 2859 4579 concilio
2895 4526 3148 4580 interesse

502 4611 716 4666 debent.

648 4702 690 4765 ³)
733 4702 848 4754 Der
888 4703 1015 4753 heir.
1058 4703 1263 4755 Passus
1304 4704 1371 4756 ist
1412 4703 1552 4755 demo
1596 4705 1739 4756 auch
1772 4706 2075 4772 yestrichen
2118 4706 2353 4757 worden.
