3500 5300
1382 354 1483 411 No.
1520 355 1618 411 1·:
1660 355 1814 412 1536.
2812 348 2922 413 m

281 548 450 637 quod
509 557 720 616 autem
795 550 877 617 ad
950 550 1270 617 interdicti
1327 573 1655 617 censuram
1708 554 1935 617 attinet
1950 601 1966 632 ,
2033 553 2184 617 licet
2249 573 2364 638 pro
2433 552 2617 616 unius
2686 550 2921 616 delicto
2977 551 3119 604 1536

283 659 473 723 etiam
516 679 647 723 non
689 661 1053 745 cooperanti
1100 667 1166 724 et
1209 680 1336 723 non
1381 660 1800 724 consentienti
1846 657 2065 725 divina
2109 658 2586 737 subtrahantur,
2632 656 2926 723 videatur

281 767 423 850 quis
470 767 605 830 sine
652 765 840 852 culpa
882 788 1049 853 pena
1092 764 1292 830 affici:
1340 787 1466 830 non
1512 773 1612 830 est
1640 765 1812 851 quod
1841 767 1983 852 quis
2027 773 2341 851 gravetur,
2385 763 2577 831 modo
2620 786 2747 830 non
2791 765 2926 829 sine

282 893 475 937 causa
517 872 645 952 fiat,
691 873 860 938 sicut
902 881 966 938 et
1009 873 1188 938 multi
1236 875 1374 938 sine
1405 893 1621 938 eorum
1661 873 1868 959 culpa,
1913 872 2027 938 sed
2073 892 2198 938 non
2243 876 2380 938 sine
2427 893 2620 937 causa
2663 894 2702 936 a
2731 872 2926 936 sacris

227 986 264 1042 5
283 978 610 1045 ordinibus
670 986 965 1046 arcentur
976 1029 994 1061 ,
1052 982 1218 1046 sicut
1275 979 1509 1066 bigami
1557 1002 1822 1067 corpore
1867 978 2182 1045 debilitati
2227 980 2519 1046 servituti
2562 978 2819 1045 obnoxii
2864 986 2931 1043 et

282 1086 391 1151 alii
448 1087 692 1173 plures,
751 1085 832 1152 de
891 1085 1120 1172 quibus
1176 1089 1244 1151 in
1289 1109 1343 1153 c.
1388 1089 1498 1174 qui
1544 1088 1610 1151 in
1655 1086 1867 1172 aliquo
1914 1098 1991 1155 51
2044 1086 2188 1152 dist.
2219 1089 2282 1168 ¹).
2326 1108 2520 1152 causa
2576 1093 2788 1151 autem
2832 1093 2930 1150 oet

282 1200 356 1257 ut
399 1200 578 1259 extra
634 1194 968 1260 ecclesiam
1029 1194 1241 1259 factus
1299 1192 1380 1259 ab
1439 1193 1764 1258 hominum
1821 1196 2138 1260 consortio
2184 1192 2526 1274 abiciatur;
2595 1194 2658 1257 in
2703 1214 2829 1280 quo
2874 1193 2929 1257 si

284 1302 393 1388 qui
438 1299 828 1386 negligentes
858 1301 1097 1365 fuerint
1111 1349 1128 1380 ,
1171 1321 1291 1366 nec
1335 1303 1527 1366 etiam
1573 1303 1711 1366 sine
1742 1300 1933 1387 culpa
1976 1299 2107 1367 dici
2151 1308 2467 1388 poterunt,
2511 1299 2684 1387 quod
2714 1307 2931 1366 contra

286 1407 552 1474 ecclesie
597 1416 968 1495 preceptum
1016 1407 1216 1473 velint
1260 1430 1407 1474 cum
1452 1409 1932 1474 excomunicato
1977 1409 2357 1475 conversari.

198 1615 268 1670 10
751 1605 854 1667 37.
912 1601 1014 1668 De
1060 1604 1471 1690 abrogatione
1515 1603 1885 1671 feriatorum
1930 1604 2172 1691 aliquot
2217 1603 2477 1670 dierum.

462 1727 595 1806 Qui
639 1726 758 1793 hec
802 1729 1120 1815 protulere
1164 1731 1551 1815 gravamina,
1594 1738 1769 1795 recte
1813 1733 2270 1817 inscripserunt
2299 1728 2380 1795 de
2421 1729 2661 1816 aliquot
2689 1728 2933 1796 dierum

286 1834 711 1919 abrogatione.
764 1837 817 1900 si
846 1837 1013 1900 enim
1044 1858 1261 1902 omnes
1286 1835 1422 1902 dies
1444 1836 1645 1901 festos
1670 1836 1960 1922 abrogari
1990 1845 2298 1924 peterent,
2326 1859 2473 1904 cum
2490 1835 2932 1923 peccatoribus

287 1949 503 2007 essent
529 1941 957 2022 anumerandi,
988 1941 1068 2008 de
1099 1943 1330 2029 quibus
1360 1944 1606 2029 psalmo
1640 1953 1742 2011 73.
1790 1942 2024 2009 dicitur
2048 1946 2120 2026 8);
2162 1942 2454 2009 dixerunt
2498 1946 2564 2009 in
2594 1942 2786 2010 corde
2815 1965 2932 2008 suo

288 2050 579 2134 cognatio
610 2070 853 2116 eorum:
887 2050 1073 2115 simul
1101 2052 1427 2137 quiescere
1452 2050 1756 2116 faciamus
1790 2073 2007 2117 omnes
2044 2049 2181 2116 dies
2215 2051 2419 2117 festos
2451 2073 2490 2117 a
2511 2058 2694 2117 terra.
2739 2072 2935 2115 nove·

199 2173 269 2228 15
285 2165 435 2221 runt
463 2158 652 2221 etiam
680 2166 1049 2243 preceptum
1078 2156 1148 2222 id
1177 2157 1377 2223 fuisse
1399 2156 1703 2239 divinum,
1744 2179 1873 2222 non
1895 2158 2290 2224 cerimoniale
2313 2167 2559 2224 tantum
2593 2161 2657 2223 in
2688 2160 2937 2243 signum

287 2265 622 2329 creationis
643 2263 865 2329 mundi
889 2266 1003 2349 (sie
1026 2267 1195 2330 enim
1218 2265 1524 2330 abolitum
1546 2265 1753 2347 foret),
1784 2264 1899 2332 sed
1924 2267 2114 2331 etiam
2134 2266 2387 2348 morale,
2416 2272 2604 2352 prout
2625 2266 2937 2350 significat

288 2373 706 2436 cessationem
750 2371 831 2435 ab
878 2374 1048 2436 omni
1092 2381 1358 2459 peccato
1406 2383 1472 2437 et
1514 2375 1794 2458 quietem
1837 2374 2067 2438 mentis
2116 2376 2181 2438 in
2210 2372 2439 2440 Deum.
2501 2382 2567 2438 et
2609 2375 2720 2459 qui
2766 2371 2937 2437 diem

287 2477 527 2543 festum
572 2485 644 2542 ut
673 2480 1071 2544 cerimoniale
1101 2488 1473 2566 preceptum
1504 2487 1569 2545 et
1613 2501 1652 2543 a
1680 2480 1821 2565 lege
1851 2479 2199 2567 Moysayca
2227 2481 2691 2567 promulgatum
2721 2479 2938 2545 obser·

290 2594 490 2667 varet,
518 2607 648 2650 non
676 2586 973 2651 immunis
1003 2585 1177 2652 foret
1204 2609 1243 2652 a
1271 2596 1537 2673 peccato
1566 2595 1633 2652 et
1659 2586 1976 2674 judaizare
2012 2595 2404 2654 censeretur:
2451 2608 2504 2654 c.
2534 2588 2827 2675 pervenit
2855 2584 2936 2653 de

199 2707 499 2763 20conse.
545 2692 629 2758 di.
663 2701 700 2759 3
729 2694 794 2774 8).
857 2693 1259 2761 observantie
1305 2702 1517 2759 autem
1561 2693 1766 2759 sabati
1813 2698 1879 2759 in
1923 2717 2089 2761 nova
2132 2696 2272 2781 lege
2316 2694 2425 2760 illa
2457 2694 2770 2761 dominice
2802 2693 2936 2760 diei

292 2801 600 2866 successit
645 2822 725 2865 ex
770 2800 1034 2867 ecclesie
1079 2802 1529 2867 constitutione
1573 2808 1638 2867 et
1674 2801 1895 2889 populi
1943 2800 2430 2868 consuetudine:
2477 2825 2530 2867 c.
2580 2814 2613 2870 1
2664 2800 2744 2866 de
2788 2822 2940 2866 con-

294 2910 648 2973 secratione
679 2906 761 2972 di.
794 2916 831 2975 3
859 2909 926 2992 ⁴).
973 2916 1040 2974 et
1083 2910 1231 2995 quia
1275 2908 1393 2973 hec
1439 2908 1805 2974 observatio
1849 2910 2127 2995 figuralis
2173 2931 2302 2974 non
2348 2918 2464 2990 est,
2508 2917 2582 2973 ut
2610 2931 2733 2995 que
2761 2909 2938 2995 prius

294 3015 501 3080 fuerat
546 3014 674 3081 diei
720 3014 957 3096 sabati,
1011 3015 1159 3081 ideo
1215 3036 1343 3080 non
1399 3024 1529 3080 tam
1589 3024 1762 3080 arcte
1808 3024 1919 3081 aut
1963 3038 2183 3081 severe
2229 3015 2574 3103 prohibitio
2632 3025 2732 3080 est
2789 3036 2942 3101 ope-

292 3123 475 3188 randi
521 3121 819 3188 dominici
864 3120 1180 3189 dominico
1225 3131 1297 3187 ut
1326 3122 1609 3188 ciborum
1653 3121 2055 3188 decoctiones
2088 3131 2153 3187 et
2181 3124 2305 3188 alia
2334 3121 2700 3209 hujusmodi
2728 3119 2941 3209 prohi-

203 3242 278 3298 25
294 3230 578 3296 beantur.
624 3229 998 3316 faciliusque
1044 3233 1109 3294 in
1155 3250 1322 3295 nova
1363 3230 1506 3317 lege
1554 3252 1747 3317 super
1789 3229 1909 3295 hoc
1954 3238 2255 3318 precepto
2305 3230 2710 3317 dispensetur
2752 3250 2940 3314 quam

294 3341 363 3403 in
407 3341 629 3417 veteri,
673 3336 846 3424 quod
888 3338 1085 3422 figura
1130 3335 1212 3403 ad
1256 3340 1779 3423 protestationem
1841 3340 2127 3403 veritatis
2186 3340 2531 3425 pertineat,
2589 3358 2777 3423 quam
2822 3357 2941 3401 nec

295 3448 365 3511 in
408 3444 657 3511 modico
702 3446 1007 3532 preterire
1064 3452 1364 3531 opportet
1419 3466 1612 3532 opera
1667 3452 1779 3510 aut
1833 3467 1950 3532 pro
2002 3446 2144 3511 loco
2190 3454 2256 3509 et
2297 3452 2583 3532 tempore
2625 3445 2942 3522 inmutari,

297 3561 370 3616 ut
412 3561 583 3617 recte
629 3555 900 3617 asseruit
943 3550 1132 3616 divus
1178 3550 1456 3616 Thomas
1501 3550 1795 3617 Secunda
1837 3550 2166 3618 Secundae
2211 3560 2413 3637 quest.
2465 3560 2586 3618 122
2617 3551 2695 3634 ⁶).

473 3659 562 3724 Et
604 3660 755 3724 licet
797 3658 895 3723 his
935 3656 1159 3723 diebus
1190 3680 1229 3723 a
1259 3658 1474 3725 servili
1503 3680 1692 3745 opere
1722 3657 2098 3726 cessandum
2142 3660 2244 3739 sit,
2287 3681 2415 3724 non
2458 3666 2669 3723 tamen
2715 3656 2795 3722 ab
2840 3655 2940 3722 his

204 3776 280 3832 30
298 3766 597 3854 operibus
658 3786 781 3852 que
847 3764 932 3831 ad
986 3765 1114 3831 Dei
1173 3767 1502 3831 servitium
1568 3768 1902 3853 pertinent.
1993 3765 2137 3832 ideo
2200 3766 2436 3833 dicitur
2477 3766 2742 3832 Joannis
2791 3773 2825 3831 7
2858 3764 2940 3845 ⁶):

298 3875 841 3941 circumcisionem
884 3875 1121 3960 accipit
1164 3872 1350 3938 homo
1394 3876 1461 3938 in
1506 3872 1757 3953 sabato,
1809 3881 1882 3939 ut
1937 3896 2062 3940 non
2107 3874 2392 3940 solvatur
2433 3874 2539 3939 lex
2583 3873 2831 3958 Moysi3
2877 3880 2944 3936 et

297 3981 501 4048 Matei
551 3992 581 4048 1
595 3991 632 4048 2
662 3982 709 4063 ⁷)
768 3979 1028 4047 dicitur:
1087 3979 1448 4048 sacerdotes
1508 3982 1576 4047 in
1627 3980 1867 4068 templo
1913 3981 2203 4048 sabatum
2249 3982 2421 4068 [non]
2467 3980 2738 4059 violant,
2798 4000 2942 4045 cum

448 4215 485 4283 ¹)
524 4231 567 4270 c.
604 4217 639 4268 5
673 4213 769 4281 fin.
808 4211 883 4268 D.
921 4215 1003 4267 51.

446 4302 491 4371 ²)
532 4303 717 4358 Psalm
757 4305 828 4356 79
862 4319 907 4357 v.
944 4300 1024 4356 8?

208 4389 283 4446 35
445 4390 1152 4461 ⁸)c.12D.3decons.

442 4480 943 4550 ⁴)c.12D.3c.
985 4485 1028 4534 1.

445 4570 490 4640 6)
532 4571 768 4626 nantas
802 4571 1057 4640 Aquinas
1091 4569 1317 4627 Summa
1353 4574 1529 4630 totius
1567 4576 1882 4648 theologiae.

444 4657 491 4727 ⁸)
528 4659 635 4715 Ευ.
673 4660 797 4715 Joh.
837 4663 872 4714 '7
907 4676 956 4714 v.
991 4659 1122 4726 22t‘.

450 4748 488 4819 ⁷)
524 4749 624 4805 Ev.
663 4749 844 4805 Mam
882 4752 950 4804 12
982 4767 1028 4804 υ.
1068 4751 1118 4803 5.
