3500 5300
351 522 493 574 1537

313 592 442 645 Mai
477 594 544 644 17

563 308 667 379 172
1553 312 1651 375 No.
1689 317 1785 375 43:
1826 314 1962 376 1537
1998 312 2107 374 Mai
2145 312 2228 374 17.

564 542 688 583 non
747 518 909 583 vede
958 517 1195 582 Nostro
1243 516 1509 601 Signore
1565 517 1685 581 che
1748 540 1819 582 36
1875 519 2051 603 110331
2109 526 2326 581 11·ον31·
2386 517 2653 600 meglior
2712 512 3105 602 expediente
3152 511 3235 581 de

562 627 774 712 quello
819 626 902 690 ha
947 648 1198 711 sempre
1244 628 1467 689 scritto
1514 634 1580 689 61
1623 625 1790 689 fatto
1851 624 1988 689 dire
2035 624 2119 689 da
2163 626 2309 688 tutti
2359 627 2497 689 suoi
2542 626 2759 689 nuncii
2805 624 2929 688 alla
2974 624 3239 689 Maesta

564 732 857 811 Cesarea,
904 735 1041 797 cioe
1086 733 1148 796 la
1192 733 1411 815 tenghi
1475 735 1541 796 in
1601 754 1789 796 mano
1838 754 1963 796 una
2007 742 2189 816 parte
2237 731 2405 795 delle
2450 731 2734 796 fortezze
2780 730 2886 797 del
2935 741 3107 796 stato
3155 730 3238 795 de

563 840 805 905 Milano
852 850 916 903 et
960 840 1078 904 che
1126 839 1228 903 del
1277 850 1449 903 resto
1509 862 1578 903 36
1638 840 1921 903 contenti
1970 837 2135 902 della
2180 860 2506 924 promessa
2563 838 2646 903 de
2691 838 2824 904 Sua
2869 838 3129 904 Santita
3176 850 3239 903 et

564 946 716 1012 sede
778 947 1129 1033 apostolica
1186 956 1251 1010 ct
1307 945 1456 1040 delli
1520 947 1758 1029 signori
1809 945 2179 1011 Venetiani.
2270 945 2312 1008 il
2377 946 2525 1029 qual
2580 945 2772 1010 modo
2835 945 2919 1010 de
2980 952 3239 1011 securta
3286 958 3315 1009 5

561 1056 644 1117 fin
700 1056 808 1139 qui
865 1076 990 1117 non
1051 1059 1085 1116 6
1144 1063 1310 1117 31310
1370 1060 1688 1117 1166611310
1748 1052 1833 1116 (13
1892 1051 2024 1116 Sua
2070 1052 2325 1115 Maesta
2372 1050 2651 1117 Cesarea
2710 1061 2774 1118 et
2832 1075 2952 1139 per
3008 1064 3239 1139 questo

564 1161 694 1225 Sua
740 1160 1144 1225 Beatitudinc
1192 1159 1486 1224 desidera
1533 1159 1652 1223 che
1713 1170 1961 1223 cotesta
2019 1158 2273 1223 Maesta
2333 1182 2409 1223 ce
2472 1161 2851 1246 interponga
2909 1163 3063 1244 ogni
3123 1184 3239 1225 sua

564 1270 836 1332 autorita
881 1291 999 1353 per
1045 1269 1304 1331 venirne
1353 1267 1409 1331 al
1458 1276 1676 1351 punto,
1723 1266 2092 1330 innansiche
2138 1267 2347 1352 questi
2394 1265 2505 1330 dui
2551 1268 2826 1353 principi
2872 1290 2990 1354 per
3037 1268 3096 1332 16
3144 1268 3242 1331 101·

565 1374 884 1439 discordie
932 1397 1059 1438 non
1102 1374 1437 1438 finischino
1484 1372 1564 1437 de
1611 1373 1717 1437 far
1761 1372 1865 1437 del
1911 1383 2083 1438 resto
2129 1372 2297 1437 della
2341 1395 2586 1458 povera
2630 1373 3074 1439 Christianita.

743 1481 1004 1558 Quanto
1050 1481 1172 1546 alla
1214 1500 1442 1563 guerra
1472 1481 1591 1544 che
1640 1482 1693 1544 si
1743 1503 2015 1565 prepara
2060 1490 2159 1544 tra
2205 1480 2263 1545 61
2308 1503 2378 1544 re
2427 1479 2508 1545 de
2538 1480 2805 1545 Polonia
2852 1491 2917 1546 et
2965 1482 3026 1546 el
3073 1482 3239 1547 duca
3261 1492 3316 1544 10

566 1589 632 1653 di
678 1587 1027 1665 Moldavia,
1073 1587 1309 1651 Nostro
1344 1586 1610 1671 Signore
1658 1610 1736 1651 ne
1787 1597 1967 1651 sente
2015 1586 2350 1651 incredibil
2380 1586 2751 1673 despiacere
2797 1589 3087 1674 parendo
3118 1590 3238 1654 6116

566 1719 685 1781 1161·
727 1693 931 1780 quest’
978 1694 1137 1759 altro
1186 1716 1348 1780 poc-o
1396 1717 1470 1757 66
1517 1693 1768 1759 1113116111
1818 1716 1932 1779 1161·
1975 1695 2119 1758 finir
2163 1694 2246 1758 (13
2289 1694 2428 1758 fare
2477 1693 2537 1759 la
2580 1697 2871 1781 spianata
2916 1696 2979 1761 al
3024 1696 3237 1761 Τ11.ι·60

567 1812 788 1866 contra
819 1801 899 1866 de
932 1805 1037 1865 noi
1070 1805 1129 1881 ¹).
1186 1810 1250 1865 et
1282 1824 1397 1886 per
1426 1812 1651 1885 questo
1687 1800 1875 1865 vuole
1909 1800 2026 1863 6116
2061 1800 2147 1865 V.
2182 1800 2245 1864 S.
2279 1801 2502 1886 preghi
2538 1810 2703 1866 testa
2734 1803 2993 1867 Maesta
3024 1802 3107 1867 ad
3138 1804 3239 1868 far

569 1909 714 1991 ogn’
744 1930 939 1994 opera
969 1932 1086 1994 per
1124 1907 1397 1971 metterli
1446 1907 1787 1971 d’accordo
1834 1930 1872 1969 o
1918 1907 2204 1971 almanco
2237 1907 2381 1971 farli
2426 1908 2783 1994 suspender
2823 1908 2882 1973 16
2930 1913 3106 1974 armi.
3174 1922 3237 1975 et

568 2026 805 2101 quanto
853 2015 973 2079 alla
1019 2038 1176 2100 pace
1224 2014 1306 2078 da
1336 2017 1618 2079 trattarsi
1650 2036 1765 2099 per
1813 2014 1869 2077 61
1918 2014 2081 2077 (11110
2128 2036 2196 2078 re
2229 2014 2309 2077 de
2341 2014 2611 2079 Polonia
2654 2026 2753 2080 tra
2783 2025 3035 2081 cotesto
3074 2041 3143 2081 re
3174 2026 3314 2081 et15

570 2124 612 2187 il
661 2121 1005 2207 Voyvoda,
1050 2124 1227 2186 iuxta
1274 2121 1315 2184 il
1363 2133 1581 2187 vostro
1628 2121 1896 2185 recordo
1930 2123 1993 2184 vi
2043 2123 2095 2185 si
2144 2120 2375 2186 manda
2419 2144 2506 2185 un
2552 2122 2747 2187 breve
2788 2146 2913 2188 con
2943 2124 3007 2187 la
3037 2126 3234 2211 copia,

570 2230 671 2293 (161
719 2230 866 2314 qual
911 2241 1162 2294 usarete
1210 2251 1278 2292 36
1325 2235 1462 2292 cosi
1509 2231 1691 2312 piace
1738 2251 1777 2291 a
1822 2238 2049 2313 questa
2093 2229 2365 2307 Maesta,
2413 2229 2787 2294 altramente
2834 2254 2981 2295 non.

749 2336 842 2402 Vi
905 2339 958 2400 si
1018 2334 1250 2399 manda
1307 2336 1350 2399 il
1409 2335 1604 2400 breve
1667 2333 1748 2398 (16
1810 2346 1995 2420 poter
2054 2335 2385 2400 absolvere
2444 2335 2490 2399 li
2538 2340 2812 2422 apostati
2864 2348 2929 2402 et
2975 2338 3229 2403 heretici

572 2444 676 2508 361
721 2442 910 2508 310(10
958 2443 1076 2506 6116
1125 2442 1185 2505 10
1232 2453 1555 2507 recercate
1583 2446 1649 2523 ³).
1740 2446 1775 2503 e
1821 2464 1977 2526 gran
2025 2452 2240 2527 tempo
2286 2443 2404 2507 che
2450 2443 2524 2506 fu
2571 2442 2827 2529 spedito
2877 2456 2943 2509 et
2989 2468 3228 2532 sempre

572 2590 714 2597 ὓ...-
763 2588 884 2595 Ἴ.-μ---·
935 2588 1104 2596 —ossq-

721 2656 761 2728 ¹)
800 2658 874 2714 D.
912 2659 950 2711 i.
987 2659 1092 2712 wir
1130 2658 1341 2712 balmen
1380 2659 1541 2712 selbst
1576 2658 1682 2713 den
1721 2659 1941 2713 Tar-ken
1976 2657 2084 2711 den
2130 2656 2260 2726 Wey
2296 2675 2367 2712 zu
2402 2675 2524 2712 uns.
3239 2659 3301 2711 20

716 2747 760 2816 ²)
803 2747 925 2802 Das
961 2749 1091 2802 betr.
1132 2747 1320 2814 Breve,
1359 2765 1478 2802 vom
1513 2752 1583 2801 17
1617 2749 1746 2802 Mai
1783 2750 1941 2812 1537,
1979 2748 2055 2800 im
2092 2748 2258 2799 Arch.
2312 2747 2428 2800 Vat.
2466 2747 2620 2802 Arm.
2659 2749 2723 2802 41
2767 2748 2891 2803 Vol.
2931 2752 2966 2805 6
3002 2750 3095 2805 fol.
3129 2751 3224 2804 220

574 2856 653 2891 nr.
692 2839 797 2892 212
834 2838 1012 2890 Min:
1048 2836 1146 2890 der
1182 2836 1361 2905 Papst
1398 2838 1572 2891 belobt
1609 2837 1714 2890 den
1751 2837 1941 2904 Ko'm'y
1991 2853 2172 2904 weyen
2221 2837 2401 2891 seiner
2440 2837 2842 2907 Bemtilmnyen
2877 2857 2975 2894 um
3012 2840 3223 2894 Herbei·

573 2927 823 2995 sit'hruny
887 2928 1037 2980 einer
1096 2926 1374 2996 ymliehen
1421 2926 2036 2994 Auseinandersetzuny
2099 2925 2363 2980 zwischen
2418 2925 2492 2979 K.
2541 2926 2881 2981 Ferdinand
2935 2929 3057 2983 und
3115 2929 3225 2982 deu·

587 3015 888 3070 Woivoden
921 3014 1043 3068 und
1079 3015 1238 3068 bittet
1273 3015 1375 3068 ilm
1412 3015 1584 3068 darin
1618 3014 2016 3081 fortzufahren.

720 3103 764 3170 ³)
803 3104 927 3158 Das
962 3104 1240 3159 erwc‘ihnte
1266 3106 1455 3170 Breve,
1493 3105 1888 3173 ursprtinqlich
1923 3105 2092 3158 sehon
2121 3121 2239 3159 rom
2264 3109 2338 3159 25
2372 3104 2607 3160 Oktober
2643 3109 2785 3159 1536
2821 3105 3047 3175 datiert,
3083 3104 3292 3161 (1616125

574 3194 836 3264 yecimdert
871 3195 933 3246 in
973 3197 1045 3247 17
1079 3193 1208 3247 Mai
1241 3196 1398 3259 1537,
1438 3195 1534 3247 hat
1570 3194 1680 3248 den
1727 3193 2038 3247 Wortlaut:
2075 3192 2214 3247 Cum
2252 3202 2307 3248 te
2345 3211 2520 3265 nuper
2553 3196 2626 3249 ad
2663 3194 2888 3250 Carnu·
2925 3198 2984 3250 in
3021 3197 3222 3253 Christo

575 3281 750 3337 fllium
786 3291 1036 3337 nostrum
1073 3281 1481 3337 Ferdinandum
1519 3281 1891 3336 Romanorum
1946 3299 2013 3337 ae
2066 3281 2353 3353 Hungarie
2406 3291 2466 3338 et
2520 3283 2785 3339 Bohemie
2831 3303 3022 3357 regem
3070 3287 3141 3341 ill.
3175 3293 3225 3339 et

577 3380 755 3427 certas
791 3380 928 3426 tunc
964 3387 1249 3442 expressas
1303 3380 1491 3441 partes
1546 3387 1647 3441 pro
1702 3372 1979 3425 nonnullis
2029 3379 2220 3426 sancte
2257 3371 2504 3427 Romane
2553 3374 2785 3428 ecclesie
2832 3383 2891 3430 et
2939 3375 3224 3447 reipublice

577 3462 874 3517 christiane
908 3460 1096 3515 arduis
1133 3461 1376 3530 negociis
1414 3461 1727 3514 duxerimus
1764 3461 2168 3528 destinandum,
2206 3478 2322 3529 nos,
2360 3462 2453 3532 qui
2492 3462 2781 3516 nonnullas
2817 3463 3115 3520 facultates
3137 3482 3226 3536 per

576 3551 716 3606 alias
752 3559 967 3604 nostras
1005 3548 1110 3604 sub
1165 3548 1392 3619 plumbo
1441 3550 1628 3603 literas
1675 3549 2201 3604 tibi-concessimus
2261 3550 2469 3621 quique
2516 3552 2594 3604 nil
2643 3552 2821 3623 magis
2870 3554 3225 3609 desideramus
3241 3552 3299 3603 30

578 3657 745 3711 quam
782 3640 1001 3694 domino
1037 3639 1247 3692 animas
1284 3638 1626 3709 lucrifacere,
1686 3645 1751 3693 ut
1801 3657 1899 3709 per
1950 3647 2107 3694 tuum
2143 3640 2214 3693 ad
2261 3639 2440 3694 dictas
2494 3647 2679 3711 partes
2729 3641 3026 3697 adventum
3080 3653 3227 3715 grata

578 3730 878 3784 altissimus
915 3729 1142 3782 servitia
1179 3728 1384 3782 sentiat
1421 3728 1667 3797 ipsarum
1703 3729 2012 3782 animarum
2050 3728 2230 3783 salute
2265 3728 2649 3798 proveniente,
2706 3747 2771 3784 ea
2800 3731 2905 3785 tibi
2945 3733 3227 3787 concedere

578 3821 822 3874 volentes
858 3834 968 3889 que
1004 3818 1074 3871 ad
1119 3818 1226 3871 hoc
1272 3825 1545 3888 oportuna
1580 3825 1919 3888 reputamus,
1957 3817 2314 3872 Fraternitati
2354 3817 2508 3886 Tue,
2555 3820 2622 3873 de
2661 3837 2771 3889 qua
2807 3821 2864 3874 in
2904 3822 2991 3874 his
3028 3831 3084 3876 et
3117 3822 3229 3875 aliis

579 3908 872 3979 specialem
909 3908 965 3960 in
1022 3907 1240 3960 domino
1294 3905 1556 3961 fiduciam
1610 3906 1944 3974 obtinemus,
2004 3926 2128 3961 cum
2168 3907 2611 3978 quibuscumque
2658 3911 2955 3964 earundem
3006 3911 3228 3981 partium

580 3998 870 4052 lutherana
905 4003 1002 4050 aut
1039 3997 1148 4050 alia
1183 3996 1362 4051 heresi
1399 3996 1635 4062 infectis,
1674 3996 1741 4049 ad
1784 3997 2040 4050 effectum
2082 4005 2143 4050 ut.
2180 3996 2258 4050 eis
2277 3997 2553 4066 propriam
2583 3998 2815 4052 salutem
2855 3996 3299 4053 commemorosffi

582 4095 754 4157 utque
791 4102 972 4139 errore
1009 4085 1257 4155 deposito
1293 4086 1364 4139 ad
1419 4103 1601 4139 veram
1659 4084 1823 4139 fidem
1881 4095 2228 4139 revertantur
2283 4102 2375 4138 eos
2415 4103 2636 4140 moneas
2681 4096 2739 4141 et
2775 4089 2855 4141 eis
2894 4090 3225 4158 persuadeas,

582 4174 1018 4231 communicandi
1067 4183 1124 4229 et
1172 4176 1421 4228 versandi
1476 4176 1828 4245 ipsorumque
1878 4174 2244 4230 hereticorum
2303 4174 2567 4245 reprobos
2621 4184 2677 4230 et
2731 4177 3021 4231 damnatos
3073 4177 3223 4231 libros

583 4266 748 4320 etiam
787 4281 912 4318 cum
951 4264 1059 4317 illis
1095 4282 1160 4318 ex
1198 4265 1309 4318 tuis
1346 4265 1711 4319 familiaribus
1750 4281 1890 4335 quos
1926 4265 1995 4317 ad
2034 4266 2140 4318 hoc
2185 4274 2346 4334 aptos
2383 4273 2440 4319 et
2468 4265 2689 4320 idoneos
2725 4283 2792 4320 ac
2822 4268 3032 4322 sineere
3067 4268 3217 4320 inten-

583 4354 737 4408 tionis
778 4353 974 4406 mentis
1004 4355 1339 4423 cognoveris,
1378 4354 1594 4422 legendi
1633 4371 1698 4408 ac
1739 4353 1891 4424 ipsos
1928 4354 2199 4408 hereticos
2236 4355 2307 4408 ad
2343 4354 2591 4410 veritatis
2628 4356 2811 4410 lumen
2849 4358 3024 4410 redire
3059 4356 3215 4409 voleu-

585 4454 685 4508 tes,
725 4451 1017 4513 postquam
1055 4459 1241 4496 eorum
1280 4459 1515 4496 errorem
1555 4442 1909 4512 deposuerint
1944 4460 2011 4497 ac
2059 4444 2128 4496 de
2174 4443 2295 4513 ipso
2344 4460 2525 4498 errore
2574 4444 2821 4499 dolentes
2871 4446 2926 4499 id
2963 4441 3286 4499 humiliati-40

585 4533 860 4603 petierint,
900 4532 1114 4585 etiamsi
1153 4532 1288 4585 alias
1330 4531 1528 4601 relapsi
1567 4531 1808 4599 fuerunt,
1846 4533 2083 4602 receptis
2120 4533 2275 4602 prius
2311 4532 2385 4587 ab
2433 4534 2513 4587 eis
2561 4532 2908 4603 abjuratione
2943 4533 3135 4588 heresis
3164 4541 3215 4584 et

586 4639 828 4675 errorum
869 4621 1180 4690 hujusmodi
1221 4621 1464 4691 legitime
1501 4620 1757 4674 facienda
1792 4638 1859 4674 36
1890 4623 2204 4691 juramento
2254 4621 2400 4692 quod
2452 4621 2587 4676 talia
2635 4622 2895 4695 deinceps
2942 4641 3043 4677 non
3086 4638 3208 4676 60111·

587 4711 811 4765 mittent
839 4727 938 4762 1166
977 4726 1043 4761 63
1069 4709 1151 4761 vel
1185 4710 1270 4761 his
1291 4710 1490 4763 similia
1509 4709 1982 4764 committentibus
2021 4727 2119 4764 seu
2142 4711 2222 4764 eis
2242 4694 2634 4766 adherentibus
2653 4712 2941 4767 consilium
2974 4709 3205 4766 auxilium

3438 0 3464 221 ¹
