3500 5300
631 351 738 413 394
1434 354 1534 410 No.
1575 355 1884 410 153—154:
1924 355 2062 410 1535
2098 355 2208 409 Mai
2242 357 2487 410 20.-21.

419 553 560 634 15ᾅὸ
634 552 787 616 Rev.
835 550 1005 638 quod
1053 552 1119 615 in
1165 573 1238 616 eo
1284 559 1430 616 sunt
1474 553 1725 617 circiter
1771 559 2028 617 centum
2076 557 2272 617 status
2335 560 2398 616 et
2440 550 2623 617 multi
2667 574 2752 617 ex
2795 551 2918 616 hiis
2964 551 3150 617 valde
3190 553 3270 616 in·

373 623 503 675 mm
538 626 798 741 ²⁰fecti‚
846 666 1063 746 utpote
1109 658 1244 723 dux
1278 656 1708 743 Wirtibergae
1753 667 1819 723 et
1862 657 2099 724 multae
2145 659 2433 724 civitates
2478 666 2541 723 et
2589 658 2950 724 civitatulae
2998 661 3270 747 imperia·

631 764 749 849 les,
795 773 859 831 et
901 765 1070 853 quod
1119 788 1334 831 omnes
1379 766 1468 830 hii
1510 767 1620 853 qui
1654 766 1794 852 jam
1852 773 1997 830 sunt
2040 764 2410 849 Lutherani‚
2466 765 2825 852 dependent
2866 765 2950 831 ab
2997 789 3073 832 eo
3119 766 3272 854 quod

632 874 819 939 faciet
861 874 928 939 in
976 872 1097 938 hac
1141 874 1408 938 materia
1453 871 1685 938 elector
1730 873 2048 940 Saxoniae
2063 922 2081 957 ‚
2141 881 2332 959 atque
2377 872 2518 938 ideo
2580 873 2750 961 quod
2798 873 3093 939 suaderet
3134 872 3271 938 mihi

633 979 801 1068 quod
848 982 1003 1046 irem
1068 980 1151 1045 ad
1197 981 1406 1066 ipsum
1452 978 1827 1062 ellectorem‚
1875 989 2214 1066 antequam
2262 981 2395 1067 ipse
2455 980 2748 1045 dominus
2806 981 3138 1069 episcopus
3179 1003 3270 1046 ve·
3311 991 3340 1043 ὁ

631 1087 746 1152 luti
792 1089 1157 1174 capitaneus
1202 1086 1419 1152 circuli
1467 1094 1846 1152 convocaret
1890 1089 2209 1174 principes
2254 1096 2319 1152 et
2363 1089 2650 1153 civitates
2694 1089 2891 1175 ipsius
2923 1087 3140 1153 circuli
3169 1111 3270 1175 pro

633 1193 926 1260 habendo
971 1216 1268 1283 responso
1316 1217 1505 1281 super
1536 1192 1717 1259 brevi
1746 1193 2093 1281 apostolico
2140 1202 2204 1259 et
2247 1217 2436 1281 super
2465 1193 2587 1260 hiis
2631 1217 2797 1283 quae
2842 1217 2959 1282 ego
3005 1196 3270 1282 exposui.

634 1302 805 1390 quod
852 1302 1126 1390 quidem,
1174 1301 1358 1367 Ser¹¹²⁰
1404 1324 1541 1386 rex,
1588 1324 1703 1388 ego
1736 1300 2081 1366 deliberavi
2127 1301 2366 1386 facere3
2412 1301 2523 1366 sed
2568 1301 2757 1367 redeo
2805 1301 2990 1368 hodie
3030 1302 3114 1367 ad
3153 1302 3272 1366 Mo·

634 1408 951 1492 nachium‚
998 1408 1107 1475 ubi
1154 1409 1296 1476 volo
1328 1408 1562 1475 habere
1592 1432 1960 1496 responsum
2006 1410 2198 1473 totius
2243 1408 2462 1473 circuli
2505 1408 2802 1474 Bavarici
2845 1418 2909 1475 et
2950 1417 3272 1496 expectare

633 1517 871 1583 litteras
913 1516 1178 1582 Vestrae
1231 1516 1464 1582 Sacrae
1519 1516 1890 1603 Maiestatis,
1936 1524 2007 1581 ut
2051 1514 2288 1581 scilicet
2331 1517 2565 1603 possim
2611 1514 2847 1582 habere
2892 1540 3076 1582 suum
3121 1527 3343 1581 reso-10

635 1623 837 1690 lutum
895 1647 1262 1711 responsum
1280 1674 1298 1708 ,
1358 1623 1529 1712 quod
1574 1623 1880 1689 hactenus
1924 1645 2049 1688 non
2099 1621 2314 1706 habui,
2363 1624 2547 1688 sicuti
2591 1624 2732 1710 ipsa
2775 1624 2911 1688 scit.
3007 1622 3272 1711 supplico

636 1740 846 1796 autem
895 1740 967 1796 ut
1020 1729 1178 1796 illud
1236 1731 1321 1797 ad
1377 1752 1480 1796 me
1548 1731 1846 1795 citissime
1906 1732 2146 1815 mittat3
2204 1728 2358 1795 nihil
2425 1731 2593 1796 enim
2651 1729 2824 1795 aliud
2883 1738 3149 1818 expecto
3213 1737 3276 1794 ut

635 1841 871 1926 possim
916 1838 1257 1925 procedere
1302 1837 1564 1903 ulterius
1606 1839 1675 1903 in
1721 1836 1844 1903 hac
1890 1838 2170 1903 materia.

465 1958 594 2013 Μαι·
813 1946 969 2012 Heri
1017 1953 1208 2012 noctu
1266 1945 1387 2011 fuit
1441 1945 1543 2010 hic
1609 1944 1855 2031 grando
1923 1945 2226 2028 maxima,
2295 1965 2459 2032 quae
2518 1952 2688 2010 certe
2746 1942 3008 2010 abstulit
3051 1945 3275 2010 fructus

445 2031 621 2097 18·s²9
638 2055 829 2118 totius
874 2054 1043 2118 anni.
1139 2053 1569 2140 Augustenses
1616 2051 1779 2117 male
1847 2060 2049 2139 agunt
2115 2061 2179 2118 et
2240 2059 2387 2117 sunt
2453 2053 2566 2116 toti
2621 2053 2900 2117 immersi
2956 2053 3024 2116 in
3080 2073 3276 2117 errore
3294 2063 3346 2117 15

639 2159 1065 2247 sphinglian0‚
1134 2169 1204 2225 ut
1270 2160 1525 2225 cottidie
1594 2159 1659 2224 in
1729 2160 1907 2247 peius
1963 2157 2277 2224 labantur.
2387 2159 2538 2223 mibi
2595 2168 2807 2224 tamen
2866 2158 3278 2225 exhibuerunt

638 2290 901 2353 magnos
960 2267 1226 2332 honores
1278 2266 1491 2332 multis
1546 2265 1918 2332 muneribus
1964 2274 2027 2332 et
2068 2266 2282 2331 multis
2328 2267 2565 2331 officiis.
2654 2267 2869 2332 inveni
2915 2266 3018 2332 hic
3061 2264 3276 2331 multos

640 2377 1003 2463 capitaneos
1049 2374 1338 2440 Caesaris
1382 2383 1445 2440 et
1489 2374 1840 2462 Majestatis
1886 2374 2177 2457 Vestrae,
2233 2375 2343 2461 qui
2401 2395 2649 2461 semper
2693 2381 3000 2439 steterunt
3043 2395 3274 2439 mecum

637 2481 722 2548 ab
768 2505 844 2547 ca
888 2481 1046 2548 hora
1089 2505 1215 2570 qua
1259 2481 1383 2546 huc
1430 2483 1576 2547 veni
1621 2504 1821 2569 usque
1865 2481 2081 2565 modo;
2129 2481 2424 2547 videntur
2467 2479 2623 2545 mihi
2665 2482 2732 2544 in
2778 2479 3137 2546 carceribus
3178 2479 3274 2546 de·

639 2590 844 2674 tineri,
889 2591 980 2655 ita
1024 2591 1288 2677 cupiunt
1332 2589 1726 2655 occasionem
1772 2586 1940 2673 belli,
1987 2595 2059 2653 ut
2101 2590 2343 2676 possint
2386 2587 2535 2653 hinc
2582 2586 2774 2653 abire.
3291 2599 3351 2653 20

817 2697 1000 2763 Mitto
1046 2697 1289 2785 aliquos
1333 2697 1630 2763 articulos
1675 2696 2039 2762 lutheranos
2084 2698 2348 2761 insertos
2378 2699 2428 2782 ¹)
2473 2705 2536 2761 et
2581 2719 2774 2762 unam
2803 2694 3278 2783 publicationem

642 2804 895 2870 concilii
941 2806 1172 2870 factam
1218 2806 1474 2886 ironice,
1521 2806 1572 2869 si
1618 2804 1781 2869 forte
1830 2805 2053 2869 Vestra
2100 2803 2301 2890 Regia
2343 2803 2644 2890 Majestas
2690 2790 2966 2870 nondum
3017 2804 3278 2884 vidisset,

642 2914 746 2977 cui
792 2936 892 2978 me
937 2911 1285 2978 humillime
1332 2912 1652 2977 comendo.

381 3027 511 3083 Mai
544 3030 623 3080 20
818 3020 1145 3106 Augustae
1192 3030 1275 3088 20
1322 3020 1475 3106 maji
1528 3029 1691 3088 1535
1722 3020 1797 3104 ²).

385 3258 511 3313 Mai
546 3262 620 3313 21
641 3236 798 3303 154.
903 3235 1201 3318 Verqerio
1246 3257 1336 3299 an
1381 3234 1745 3300 Ricalcati:
1822 3232 2280 3315 Verhandleany
2333 3233 2451 3297 mit
2508 3233 2647 3297 dem
2692 3231 2976 3315 Bischof
3015 3231 3355 3313 Christosffi

639 3364 759 3408 von
802 3343 1182 3425 Auysbur9;
1242 3341 1616 3407 lutherische
1661 3340 1905 3408 Stc'inde
1954 3342 2041 3404 im
2086 3338 2564 3406 Schwdbischen
2608 3338 2856 3405 Kreise.
2950 3340 3128 3405 Rath
3173 3340 3284 3404 den

640 3450 1043 3532 Kurfiae'rsten
1087 3470 1207 3514 von
1255 3447 1535 3514 Sachsen
1582 3448 1682 3513 als
1708 3448 1941 3529 Haupt
1986 3449 2100 3512 der
2129 3447 2530 3512 Lutkeraner
2575 3447 3026 3529 aufzusuchen.
3132 3435 3284 3515 Uber

642 3559 765 3622 den
817 3557 934 3623 Ort
979 3557 1087 3621 des
1139 3556 1389 3623 Concik
1446 3555 1610 3620 nach
1657 3555 1929 3620 Ans-ioht
1993 3556 2100 3620 des
2148 3554 2480 3635 Bischofs:
2527 3553 2815 3619 Mantua
2859 3554 3010 3619 oder
3054 3554 3281 3629 Trioni,

641 3664 1007 3746 heinesfalls
1062 3665 1137 3728 in
1195 3662 1648 3729 Deutschlwnd.
1741 3661 2133 3744 Rathschlay
2191 3661 2296 3726 des
2355 3660 2657 3743 Bischofs
2713 3661 3128 3726 Misbriiuche
3185 3680 3285 3725 vor

644 3772 781 3837 dem
831 3770 1053 3837 Concil
1096 3769 1493 3848 abaeustellen,
1539 3792 1650 3834 um
1697 3771 1802 3835 die
1849 3768 2250 3834 Lutheraner
2291 3769 2614 3852 yefic'yiyer
2656 3789 2738 3834 zu
2783 3768 3062 3834 machon.
3151 3769 3282 3834 An·
3298 3793 3358 3847 30

641 3879 804 3944 sicht
879 3879 986 3944 des
1076 3878 1373 3961 Veryerio
1449 3878 1742 3942 dariiber.
1860 3876 2104 3942 Des-sen
2180 3876 2647 3941 beverstehende
2720 3876 3059 3941 Rackkehr
3131 3873 3285 3940 nael»

642 3986 988 4066 Miinchen,
1031 4007 1151 4050 von
1195 4006 1288 4050 wo
1334 4007 1458 4049 aus
1501 4005 1570 4049 er
1613 3984 1780 4048 nach
1825 3983 2103 4049 Sachsen
2157 4004 2304 4048 zum
2355 3983 2675 4048 Cardinal
2717 4004 2838 4048 von
2880 3983 3120 4049 Maius
3161 3980 3287 4047 uad

644 4093 971 4175 Kurfizrst
1017 4093 1077 4159 J
1071 4093 1287 4158 ohann
1315 4092 1659 4157 Friedrich
1702 4112 1787 4156 zu
1827 4091 2023 4173 yeken
2064 4090 2344 4173 yedenkb.
2435 4090 2693 4176 [1535]
2721 4090 2877 4155 Mai
2920 4094 3006 4156 21
3037 4091 3284 4176 [Anys-

643 4201 801 4285 burq
875 4202 899 4241 ³
932 4251 945 4265 .
2343 4257 2348 4261 .

785 4199 928 4381 ἕως)
949 4324 1203 4393 Venediy,
1241 4325 1388 4378 Βῑω.
1427 4325 1607 4380 Marc.
1648 4324 1763 4379 ital.
1801 4324 1869 4379 οι.
1907 4323 1960 4378 v
1997 4324 2115 4379 cod.
2155 4323 2222 4376 64
2259 4322 2352 4377 fol.
2391 4323 2675 4378 ξιιμ-571)
2712 4323 2916 4392 ayma.
2958 4323 3118 4379 eone.
3299 4342 3355 4398 35

645 4472 709 4478 .—.-
752 4472 825 4477 --...
872 4465 1049 4474 ,μ’

790 4575 833 4647 ¹)
872 4576 925 4631 S.
963 4593 1011 4630 ο.
1048 4592 1163 4629 nrr.
1202 4578 1312 4629 151.
1351 4578 1470 4629 152.

794 4667 838 4735 ²)
876 4666 988 4722 Die
1022 4667 1280 4720 Antwort
1316 4664 1431 4731 auf
1456 4665 1624 4720 dieses
1658 4662 1950 4719 Schreiben
1983 4680 2025 4718 s.
2063 4681 2119 4717 u.
2154 4679 2225 4718 zu
2259 4679 2344 4717 nr.
2381 4664 2498 4717 155.

790 4756 834 4827 ²¹)
874 4757 994 4810 Zur
1032 4756 1349 4827 Datim-unq
1386 4757 1489 4825 vyl.
1529 4754 1616 4808 die
1652 4753 1998 4823 cherktmy
2033 4770 2104 4807 zu
2137 4770 2223 4806 nr.
2261 4755 2377 4806 153.
