3500 5300
1358 330 1457 387 No.
1499 333 1528 388 1
1543 331 1598 386 *z
1640 333 1795 388 1536.
2800 327 2910 391 845

254 547 395 590 cum
435 526 699 592 dicitur:
746 533 947 591 mater
992 534 1103 591 tua
1146 535 1258 612 est,
1306 550 1432 592 non
1463 524 1775 592 revelabis
1806 526 2259 613 turpitudinem
2305 528 2441 614 ejus
2476 553 2585 612 ——3
2632 528 2800 616 quod
2847 535 2910 592 et
2961 530 3100 596 1536

251 632 316 694 in
363 631 500 697 aliis
545 655 621 697 ea
666 633 805 719 lege
850 632 1183 719 prohibitis
1227 635 1547 720 repetitur.
1634 633 1914 698 secundo
1976 642 2038 698 et
2093 633 2214 699 hoc
2257 635 2500 699 ratione
2544 633 2909 721 persuaderi

251 747 472 824 potest,
520 742 820 826 quoniam
868 761 1013 805 cum
1059 762 1312 805 necesse
1358 742 1439 805 sit
1483 762 1783 826 personas
1846 741 2153 826 sanguine
2188 741 2447 827 junctas
2503 749 2728 805 mutua
2784 739 2906 804 frui

253 848 762 929 conversatione,
822 848 875 910 si
920 848 1226 933 permissa
1283 847 1490 911 forent
1546 849 1709 911 inter
1770 868 1876 911 eos
1935 848 2366 927 matrimonia,
2426 848 2623 911 nimia
2679 868 2905 933 oppor-

201 961 233 1015 5
252 954 483 1016 tunitas
513 952 771 1017 daretur
800 975 1069 1018 veneree
1102 954 1519 1035 comixtionis,
1567 954 1746 1040 quasi
1777 954 2037 1039 gravius
2083 976 2209 1017 non
2241 962 2578 1040 peccarent
2621 975 2812 1041 quam
2854 954 2905 1016 si

250 1058 387 1123 aliis
431 1059 798 1124 mulieribus
843 1061 1346 1126 comiscerentur.
1440 1069 1826 1147 quapropter
1869 1061 1935 1124 in
1981 1061 2177 1125 veteri
2224 1060 2361 1145 lege
2416 1061 2581 1125 inter
2636 1082 2742 1124 eos
2800 1081 2904 1122 ve-

249 1166 430 1230 titum
477 1173 571 1230 est
616 1168 1087 1231 matrimonium
1136 1188 1293 1254 quos
1339 1175 1475 1230 erat
1520 1188 1774 1231 necesse
1819 1166 2005 1230 simul
2062 1167 2388 1232 comorari.
2454 1175 2664 1253 preter
2694 1174 2904 1230 autem

250 1271 362 1336 has
406 1274 680 1337 rationes
724 1281 936 1359 patres
982 1276 1176 1337 nostri
1223 1274 1479 1360 antique
1523 1271 1931 1360 prohibitioni
1976 1271 2190 1359 plures
2258 1273 2610 1359 adjunxere
2670 1272 2907 1357 gradus

247 1400 320 1443 ac
367 1381 556 1443 etiam
605 1378 943 1466 spiritualis
990 1387 1053 1444 et
1096 1379 1315 1465 legalis
1361 1379 1756 1465 cognationis
1812 1385 1876 1443 et
1930 1378 2185 1465 publice
2242 1378 2581 1444 honestatis
2641 1377 2905 1465 impedi·

166 1493 230 1547 10
248 1494 491 1568 menta,
537 1493 609 1550 ut
653 1486 924 1551 amicitie
971 1508 1174 1550 nexus
1219 1485 1509 1572 pluribus
1552 1486 1714 1550 foret
1759 1488 2082 1568 comunis,
2145 1508 2290 1550 cum
2352 1485 2674 1551 decentius
2733 1484 2903 1549 vide·

247 1600 420 1657 retur
463 1594 627 1657 inter
671 1615 777 1657 eos
823 1594 1237 1656 matrimoniis
1278 1594 1584 1657 amicitias
1620 1592 1893 1677 jungere
1940 1593 2048 1678 qui
2079 1591 2251 1657 nullo
2297 1591 2602 1657 naturalis
2631 1593 2904 1656 amicitie

246 1698 501 1763 vinculo
561 1699 768 1763 forent
825 1699 1159 1785 conjuncti.
1266 1699 1417 1764 dum
1480 1700 1650 1763 enim
1718 1699 1860 1785 quis
1929 1707 2298 1763 extraneam
2369 1698 2556 1763 duxit
2621 1720 2903 1780 uxorem,

247 1805 521 1892 quadam
570 1804 825 1891 speciali
856 1806 1153 1886 amicitia,
1202 1826 1392 1890 quam
1425 1803 1801 1868 affinitatem
1846 1803 2082 1886 dixere,
2118 1805 2479 1891 junguntur
2509 1806 2727 1869 uxoris
2756 1826 2901 1870 con·

247 1911 587 1996 sanguinei.
650 1918 981 1997 propterea
1012 1910 1408 1996 Augustinus
1453 1911 1534 1975 de
1579 1911 1836 1975 civitate
1869 1908 1991 1975 Dei
2032 1912 2237 1996 capite
2273 1920 2353 1977 15
2401 1911 2636 1997 inquit:
2685 1908 2904 1975 habita

160 2023 340 2082 15est
384 2020 544 2081 ratio
590 2018 937 2081 rectissima
979 2018 1262 2081 caritatis
1307 2025 1379 2081 ut
1426 2016 1705 2082 homines
1737 2015 1969 2103 quibus
2014 2026 2175 2082 esset
2205 2016 2375 2081 utilis
2420 2025 2610 2103 atque
2644 2016 2903 2081 honesta

246 2124 600 2206 concordia,
647 2123 1044 2188 diversarum
1092 2123 1627 2188 necessitudinum
1673 2121 1947 2187 vinculis
1991 2130 2409 2205 necterentur,
2459 2145 2576 2187 nec
2622 2146 2785 2187 unus
2830 2124 2899 2188 in

245 2253 370 2295 uno
416 2230 646 2295 multas
691 2229 965 2314 haberet,
1014 2230 1124 2294 sed
1170 2228 1413 2315 singule
1459 2236 1907 2316 spargerentur
1951 2230 2018 2293 in
2065 2229 2357 2316 singulas.

420 2337 641 2402 Posset
685 2344 747 2401 et
792 2336 918 2400 alia
974 2360 1056 2401 ex
1105 2335 1461 2401 Aristotelis
1508 2335 1798 2401 politicis
1844 2345 1880 2401 2
1931 2334 2081 2400 addi
2139 2337 2333 2420 ratio,
2392 2335 2543 2423 quia
2599 2357 2744 2400 cum
2790 2359 2898 2400 na-

243 2443 527 2509 turaliter
584 2442 769 2508 homo
816 2444 1346 2528 consanguineam
1408 2441 1662 2528 diligat,
1724 2444 1777 2506 si
1837 2441 1984 2507 huic
2029 2440 2348 2507 dilectioni
2407 2442 2748 2509 adderetur
2792 2447 2900 2532 qui

152 2557 325 2614 2oex
372 2572 642 2614 venerea
687 2550 1068 2614 comixtione
1114 2550 1404 2635 pervenit
1447 2548 1727 2631 affectus,
1775 2550 2004 2613 nimius
2050 2549 2280 2613 amoris
2325 2549 2517 2615 ardor
2562 2549 2898 2638 subseque-

243 2666 435 2740 retur,
483 2659 592 2745 qui
638 2658 827 2722 etiam
874 2658 939 2721 in
987 2679 1251 2721 uxorem
1306 2665 1400 2721 est
1445 2654 1952 2743 reprehensibilis
1996 2657 2400 2743 maximeque
2445 2658 2530 2722 ad
2575 2656 2898 2723 libidinem

243 2765 482 2845 incitat,
530 2764 697 2850 quod
744 2762 1056 2829 honestati
1104 2764 1379 2849 conjugii
1417 2769 1812 2849 repugnaret.
1874 2771 1938 2828 et
1982 2764 2280 2850 quoniam
2327 2765 2427 2827 vir
2471 2772 2535 2829 et
2579 2787 2742 2829 uxor
2772 2786 2900 2829 una

243 2892 390 2934 caro
459 2873 739 2934 existunt
806 2871 1151 2956 eademque
1209 2891 1478 2956 persona
1547 2877 1914 2951 censentur,
1989 2877 2223 2934 statuta
2277 2869 2358 2935 de
2417 2872 2899 2957 consanguineis

241 2984 582 3061 prorogata
628 2976 884 3041 fuerunt
929 2976 1009 3040 ad
1059 2975 1299 3057 affinerz,
1348 2983 1415 3040 ut
1462 2974 1729 3040 habetur
1774 2977 1839 3039 in
1886 2998 1939 3042 c.
1988 2998 2177 3062 porro
2226 2986 2306 3043 35
2357 2999 2413 3063 q.
2467 2989 2523 3043 1.
2558 2980 2624 3059 ²).

147 3097 222 3151 25
421 3080 613 3160 Quod
658 3090 868 3147 autem
901 3082 1306 3147 Innocentius
1334 3081 1452 3146 III.
1500 3104 1680 3147 sacro
1727 3080 2121 3168 approbante
2154 3082 2416 3148 concilio
2449 3083 2531 3148 ad
2563 3085 2897 3170 septimum

242 3210 441 3275 usque
484 3188 752 3274 gradum
785 3186 1104 3274 prohibita
1135 3190 1741 3274 consanguineorum
1778 3187 2052 3254 conubia
2096 3189 2177 3253 ad
2211 3197 2505 3277 quartum
2548 3192 2899 3272 retraxerit,

242 3316 369 3358 non
440 3302 650 3359 autem
720 3294 801 3359 ad
860 3296 1113 3359 tertium
1172 3305 1282 3359 aut
1341 3294 1689 3359 secundum
1713 3344 1730 3376 ,
1802 3317 1881 3359 ex
1965 3294 2061 3359 his
2128 3304 2222 3359 est
2279 3295 2359 3360 de
2423 3295 2654 3384 quibus
2705 3297 2894 3382 juris·

243 3399 567 3465 consultus
628 3401 863 3466 edixit:
923 3424 1046 3465 non
1109 3403 1391 3466 omnium
1451 3422 1574 3488 que
1633 3424 1673 3464 a
1717 3400 2068 3487 majoribus
2129 3403 2356 3466 nostris
2413 3403 2664 3488 prodita
2732 3412 2897 3486 sunt,

239 3507 402 3572 ratio
464 3508 642 3572 reddi
701 3516 919 3594 potest.
1002 3506 1215 3594 aliqua
1274 3516 1485 3571 tamen
1548 3507 1725 3571 reddi
1787 3515 2028 3594 posset,
2088 3508 2238 3594 quia
2303 3507 2540 3572 scilicet
2598 3530 2743 3573 raro
2790 3508 2896 3574 ho·

142 3615 479 3683 30minum
528 3615 833 3679 memoria
877 3636 1005 3701 qua
1051 3615 1566 3700 consanguinitas
1595 3612 1854 3700 probari
1886 3612 2133 3695 debeat,
2181 3611 2347 3678 ultra
2390 3614 2663 3700 gradum
2709 3638 2894 3702 quar·

238 3728 374 3785 tum
421 3719 802 3803 extenditur,
849 3722 1178 3808 rariusque
1223 3729 1336 3786 aut
1379 3742 1705 3807 nunquam
1736 3721 2065 3806 contingat
2110 3728 2181 3785 ut
2225 3723 2366 3807 quis
2413 3730 2544 3785 tam
2576 3721 2681 3786 diu
2717 3723 2897 3787 vivat

238 3833 310 3890 ut
354 3825 518 3891 ultra
576 3836 870 3916 quartum
926 3827 1196 3914 gradum
1256 3849 1390 3892 sese
1438 3828 1836 3893 matrimonio
1872 3827 2214 3913 jungentes
2260 3849 2590 3892 comunem
2639 3828 2897 3895 videant

236 3942 563 4020 parentem
620 3956 807 4022 quem
866 3935 1168 3999 tritavum
1232 3942 1483 3998 vocant.
1554 3954 1637 3997 ex
1696 3931 1928 4020 quibus
1988 3934 2140 3997 satis
2188 3941 2435 3998 constat
2489 3932 2584 3999 his
2633 3934 2893 4021 impedi—

236 4040 466 4103 mentis
512 4062 634 4127 que
680 4034 1061 4127 antiquiores
1108 4049 1318 4126 patres
1365 4040 1559 4104 nostri
1607 4038 1937 4116 admisere,
1985 4039 2252 4104 multum
2300 4039 2651 4105 detractum
2700 4042 2892 4106 fuisse

132 4161 217 4214 35
237 4147 420 4209 annis
466 4145 548 4210 ab
596 4146 739 4211 hinc
774 4157 898 4214 325
981 4146 1362 4211 celebratum
1412 4148 1575 4210 enim
1625 4146 1743 4209 fuit
1790 4144 1873 4209 ab
1923 4146 2282 4210 Innocentio
2314 4145 2430 4209 111.
2464 4146 2892 4212 Lateranense

204 4253 572 4343 *concilium
620 4276 743 4340 quo
789 4254 853 4318 id
902 4257 1211 4318 sancitum
1262 4256 1379 4319 fuit
1424 4276 1588 4316 anno
1641 4262 1810 4320 1212
1842 4253 1912 4341 ²).

542 4419 593 4423 -—
618 4418 763 4425 ----

381 4520 424 4569 ι)
454 4519 527 4559 ΙΙιί
568 4519 831 4569 Ιύἰνᾱὴηιιης
866 4519 938 4560 dea
975 4519 1125 4561 Jahres
1164 4521 1233 4562 ‹1oe
1270 4519 1644 4561 lateratim-vincken
1688 4519 1849 4560 Genea·
1888 4519 1980 4559 und
2013 4519 2084 4560 du
2122 4518 2427 4559 Zeilabeianda
2465 4518 2664 4560 desum
2702 4529 2778 4559 von
2819 4518 2891 4561 dar

240 4592 474 4638 Geycnerart
488 4592 594 4639 fild!
622 4596 664 4630 iu
698 4592 791 4631 le.
828 4593 859 4631 1.

386 4700 424 4771 ¹)
463 4700 518 4757 C.
559 4703 632 4755 35
667 4719 713 4770 q.
752 4704 786 4754 ὅ
824 4717 865 4756 c.
907 4704 956 4758 3.
