3500 5300
1375 375 1475 431 ΝΟ.
1517 377 1612 431 1*;
1653 378 1807 431 1536.
2817 376 2925 436 369

255 572 293 636 l.
340 574 503 637 inter
561 570 765 637 claras
826 571 898 637 C.
946 572 1026 637 de
1084 595 1333 636 summa
1390 574 1486 637 tri.
1520 575 1600 657 ¹);
1668 581 1766 638 12.
1815 574 1955 637 dist.
2004 595 2056 637 c.
2127 585 2155 639 1
2209 574 2287 637 de
2349 596 2598 638 summa
2644 574 2807 639 trini.
2837 575 2923 658 2);
2981 578 3122 628 1536

257 703 307 744 c.
355 679 735 744 damnamus
764 681 821 764 ⁸)
856 717 957 762 -,
990 686 1052 744 et
1095 678 1186 743 ibi
1233 681 1316 743 sit
1358 679 1688 744 sacerdotii
1733 679 1903 743 fons:
1951 682 2015 744 in
2047 679 2195 743 Aut.
2231 688 2299 743 ut
2343 680 2607 745 ecclesia
2638 680 2924 745 Romana

256 794 417 852 cent.
476 808 576 850 an.
637 785 916 871 gaudeat
972 785 1325 873 privillegio
1352 786 1438 871 ⁴);
1498 784 1797 873 illamque
1843 788 2185 872 imperator
2231 786 2474 852 celestis
2529 786 2922 851 fundaverit:

258 916 309 956 c.
359 893 769 957 fundamenta
815 893 895 958 de
928 893 1100 959 elect.
1134 892 1296 957 libro
1334 903 1369 960 6
1400 893 1484 980 5)3
1532 915 1803 981 cumque
1835 916 2118 958 summus
2147 894 2434 980 pontifex
2467 893 2920 980 plenitudinem

205 999 489 1065 5habeat
532 995 863 1087 potestatis
910 1009 974 1064 et
1018 998 1281 1065 liberam
1330 999 1969 1066 administrationem:
2019 999 2215 1067 Olem.
2275 1013 2326 1067 1.
2375 1011 2446 1065 ut
2490 1001 2575 1065 lit.
2625 1001 2922 1086 penden.;

256 1131 312 1173 c.
364 1118 400 1173 2
449 1107 529 1172 de
574 1106 835 1194 preben.
885 1105 1048 1170 libro
1100 1116 1135 1172 6
1165 1109 1254 1193 6);
1300 1113 1365 1172 et
1408 1114 1697 1193 preterea
1741 1108 2070 1193 prevenire
2114 1109 2311 1194 possit
2356 1129 2572 1172 omnes
2618 1107 2924 1172 celatores

254 1216 706 1301 preventioque
752 1213 985 1278 nedum
1033 1235 1145 1299 per
1191 1216 1594 1299 superiorem,
1643 1213 1754 1278 sed
1800 1215 1866 1278 in
1897 1213 2161 1300 paribus
2191 1216 2383 1278 etiam
2415 1215 2623 1279 locum
2657 1212 2922 1278 habeat:

254 1322 407 1409 quid
439 1330 534 1386 est
563 1320 734 1408 quod
767 1343 882 1408 pro
930 1342 1117 1386 onere
1149 1322 1530 1407 suscipiatur
1576 1322 1629 1385 si
1659 1319 2097 1386 benefitiorum
2147 1323 2210 1385 in
2259 1321 2546 1386 Romana
2592 1322 2768 1386 curia
2813 1329 2923 1386 aut

256 1431 417 1492 inter
462 1428 742 1493 eundum
787 1428 1055 1492 Romam
1102 1427 1543 1492 decedentium
1589 1449 1699 1492 sue
1744 1435 2021 1493 reservet
2066 1427 2487 1515 dispositioni,
2538 1451 2681 1492 cum
2732 1429 2924 1492 etiam

168 1548 236 1602 10
256 1535 467 1600 clerici
512 1536 874 1622 provisione
921 1534 1199 1599 viduatis
1247 1533 1615 1599 consulatur
1659 1534 1959 1618 ecclesiis,
2007 1534 2176 1621 quod
2234 1557 2470 1600 novum
2519 1557 2920 1623 nequaquam

253 1644 373 1707 fuit
416 1644 765 1723 inventum,
813 1641 923 1705 sed
971 1641 1245 1728 plurium
1295 1639 1652 1706 seculorum
1699 1643 1952 1707 comuni
2019 1663 2329 1707 consensu
2374 1664 2572 1728 usque
2619 1641 2779 1708 adeo
2826 1665 2920 1707 re·

255 1757 506 1837 ceptum
554 1759 625 1814 ut
669 1771 745 1814 ea
790 1750 1196 1835 prerogativa
1255 1758 1317 1813 et
1376 1750 1438 1813 in
1503 1770 1767 1835 corpore
1801 1749 1969 1836 juris
2032 1749 2250 1815 clausa
2308 1760 2369 1814 et
2414 1750 2478 1813 in
2526 1750 2920 1815 concordatis

252 1855 594 1921 Germanie
641 1856 721 1920 sit
767 1849 1236 1942 comprehensa.

438 2060 528 2118 16.
620 2051 755 2117 Nec
799 2074 1022 2116 verum
1068 2059 1162 2116 est
1209 2051 1378 2138 quod
1425 2074 1538 2138 pro
1589 2061 1684 2117 16.
1763 2051 2021 2117 additur
2066 2052 2457 2138 gravamine,
2503 2052 2673 2139 quod
2720 2076 2915 2140 quum

159 2173 230 2227 15
251 2158 315 2223 hi
361 2160 469 2246 qui
519 2157 698 2224 bonis
743 2167 854 2224 aut
897 2159 1114 2224 multis
1158 2158 1387 2245 prediti
1436 2168 1583 2223 sunt
1614 2158 1944 2238 benefitiis,
1991 2159 2257 2223 Romam
2297 2159 2578 2242 veniunt,
2626 2182 2665 2223 a
2713 2159 2915 2224 cardi-

249 2267 483 2331 nalium
544 2265 961 2331 familiaribus
1019 2266 1101 2331 ad
1157 2287 1438 2330 mensam
1499 2267 1849 2331 invitentur
1894 2266 2294 2331 dominorum
2341 2289 2629 2347 suorum,
2689 2273 2757 2331 ut
2801 2289 2914 2354 pro

246 2373 664 2439 familiaribus
703 2372 1075 2456 habeantur,
1123 2396 1465 2461 eorumque
1501 2373 1799 2439 benefitia
1845 2373 2152 2439 cardinali
2197 2382 2519 2440 reservata
2565 2383 2912 2440 censentur.

245 2483 456 2545 verior
517 2482 687 2545 enim
733 2482 1085 2567 exquiritur
1129 2479 1550 2562 familiaritas,
1612 2481 1692 2546 de
1750 2503 1878 2567 qua
1922 2483 1988 2545 in
2038 2504 2090 2544 c.
2140 2482 2301 2546 sicut
2347 2481 2425 2545 de
2471 2480 2685 2546 verbo.
2734 2483 2912 2568 signi.

246 2587 410 2654 libro
461 2597 497 2655 6
528 2588 613 2677 ⁷),
673 2586 784 2653 ubi
830 2588 894 2653 hi
956 2594 1294 2653 censentur
1353 2587 1694 2653 familiares
1757 2589 1866 2676 qui
1925 2611 2052 2653 non
2114 2589 2342 2676 quesiti
2402 2595 2465 2653 et
2510 2589 2643 2653 sine
2688 2588 2913 2654 fraude

148 2697 481 2783 20recepti
528 2705 640 2760 aut
678 2695 931 2760 fictione
977 2695 1141 2759 illius
1183 2697 1478 2782 expensis
1507 2696 1796 2760 viventes
1841 2697 2133 2760 continue
2180 2695 2510 2760 domestici
2556 2701 2619 2760 et
2663 2718 2910 2760 comen·

246 2802 408 2869 sales
454 2805 752 2869 existunt.
844 2810 907 2868 et
951 2803 1060 2890 qui
1108 2803 1401 2868 dicantur
1465 2801 1839 2884 familiares,
1900 2801 2170 2867 habetur
2228 2804 2292 2866 in
2355 2824 2406 2866 e.
2467 2803 2532 2866 in
2592 2800 2785 2867 literis
2830 2801 2910 2867 de

243 2912 405 2976 testi.
436 2913 521 2995 ⁸),
578 2917 643 2976 et
686 2912 769 2975 in.
818 2933 869 2975 c.
931 2933 1077 2975 cum
1138 2908 1402 2975 dilectus
1448 2908 1527 2974 de
1586 2908 1751 2974 cleri.
1801 2931 1926 2974 non
1985 2910 2126 2974 resi.
2155 2910 2209 2995 ⁹)
2273 2930 2387 2995 per
2433 2907 2617 2972 Doct.
2678 2914 2740 2972 et
2797 2930 2910 2995 per

243 3017 517 3103 glossam
567 3028 604 3086 3
651 3041 710 3105 q.
761 3029 798 3085 5
846 3019 914 3082 in
962 3039 1225 3081 summa.

426 3221 522 3279 17.
614 3214 857 3280 Fraudi
904 3236 1091 3297 vero,
1150 3235 1272 3301 que
1318 3235 1432 3301 pro
1484 3222 1582 3281 17.
1630 3214 1887 3299 ponitur
1930 3212 2332 3298 gravamine,
2393 3233 2608 3276 eorum
2671 3210 2909 3275 scilicet

142 3334 225 3389 25
244 3324 350 3409 qui
409 3321 684 3408 plurium
748 3344 1060 3386 annorum
1116 3342 1505 3407 possessores
1566 3321 1632 3384 in
1669 3321 1779 3407 jus
1825 3325 2091 3401 vocant,
2153 3325 2222 3382 ut
2275 3316 2397 3382 illis
2454 3316 2904 3383 decedentibus

244 3437 684 3515 surrogentur,
747 3430 899 3494 satis
957 3428 1284 3515 provisum
1342 3428 1550 3492 extitit
1606 3449 1720 3514 per
1776 3425 1950 3490 illam
2013 3423 2384 3491 cancellarie
2446 3425 2726 3512 regulam
2777 3448 2904 3512 qua

243 3536 596 3622 denegatur
641 3538 993 3621 surrogatio
1054 3535 1151 3601 his
1210 3537 1319 3622 qui
1379 3542 1522 3622 post
1575 3532 1902 3599 trienalem
1962 3534 2413 3620 possessionem
2473 3532 2644 3597 litem
2703 3534 2902 3598 inten-

241 3651 459 3710 tarunt
503 3652 566 3709 et
611 3666 725 3730 per
769 3642 926 3708 alias
972 3643 1052 3708 de
1096 3642 1311 3707 annali
1357 3650 1420 3707 et
1463 3640 1707 3706 trienali
1754 3640 2018 3727 regulas

421 3750 590 3831 Quia
637 3758 845 3815 tamen
895 3751 1087 3815 etiam
1132 3751 1186 3814 ei
1237 3748 1358 3835 legi
1418 3748 1593 3813 fraus
1651 3756 1747 3813 est
1807 3749 2197 3834 excogitata,
2257 3770 2402 3812 cum
2463 3747 2700 3833 scilicet
2755 3757 2902 3811 ante

382 3898 501 3905 -0-
534 3900 557 3903 --
610 3898 711 3905 --Υσ-

128 3970 219 4025 30
390 3966 431 4035 ¹)
471 3966 527 4022 C.
565 3967 608 4020 Ι
638 3966 720 4019 tit.
760 3970 792 4018 1
833 3967 866 4018 l.
903 3969 955 4017 s,

384 4056 429 4121 ⁴³)
466 4056 603 4110 Non
639 4055 803 4109 decet.

386 4144 429 4213 ²¹)
467 4145 592 4199 In'b.
630 4146 672 4199 I
702 4146 788 4198 tit.
828 4148 855 4197 1
893 4160 936 4198 e.
973 4148 1024 4197 2.

382 4234 428 4292 ⁴)
466 4234 639 4288 Auel».
680 4234 812 4289 Con.
862 4233 972 4287 III
1015 4234 1099 4286 tit.
1138 4237 1172 4286 5
1220 4233 1357 4287 Noc.
1399 4238 1433 4286 9
1488 4230 1577 4301 (ut
1631 4231 1799 4285 etiam
1854 4231 2088 4286 ecclesia
2146 4230 2394 4285 Romana
2450 4237 2668 4284 centum
2724 4245 2894 4283 annos

237 4324 479 4394 gaudeat
514 4322 990 4394 praescriptione).

116 4416 217 4472 35
383 4412 426 4481 ⁸)
467 4412 619 4467 Sexti
655 4413 747 4467 lib.
787 4414 829 4468 I
860 4413 944 4466 tit.
985 4416 1019 4465 6
1056 4431 1098 4467 c.
1138 4416 1216 4466 17.

382 4502 427 4568 ⁸²)
467 4502 618 4557 Sexti
657 4502 747 4556 lib.
784 4502 895 4555 III
928 4502 1009 4556 tit.
1049 4505 1081 4554 4
1120 4520 1161 4555 c,
1200 4506 1251 4554 2.

388 4592 427 4659 ⁷)
468 4592 618 4645 Serti
654 4591 745 4646 lib.
798 4591 846 4643 V
877 4592 957 4644 tit.
998 4594 1064 4645 12
1103 4609 1146 4644 e.
1175 4594 1223 4643 5.

382 4684 425 4745 ⁸)
466 4682 590 4735 Lib.
636 4678 703 4735 Il
740 4683 821 4735 tit.
860 4685 937 4735 20
973 4700 1015 4736 (ἕ.
1052 4684 1139 4735 24-

380 4769 425 4839 ⁹)
465 4771 588 4825 Lib.
628 4770 737 4824 ΙΙΙ
768 4770 855 4825 tit.
894 4774 928 4823 4
966 4787 1010 4825 c.
1051 4773 1136 4824 14.

345 4875 959 4923 Nuntiaturberichte,
989 4878 1103 4917 erste
1133 4875 1418 4927 Abtheilung.
1449 4875 1526 4917 Bd.
1556 4876 1615 4916 11.
2395 4859 2460 4911 2-1
