3500 5300
1172 358 1272 418 Nn.
1314 362 1443 418 149:
1481 361 1622 418 1535
1657 357 1766 417 Mai
1803 361 1889 417 16.
2758 358 2868 420 888

205 557 321 625 der
380 555 957 642 Willensmeinuny
1001 560 1109 626 des
1140 560 1434 638 Kaisers‚
1480 559 1645 624 nach
1675 559 2006 625 Manchen
2049 577 2195 624 zum
2228 557 2569 642 Kreistaye
2598 560 2856 624 euraclo-

201 666 537 731 zukehren.
644 665 1068 746 Versprechen
1106 672 1289 750 yuter
1332 666 1610 731 Friae'chte
1654 668 1861 731 seines
1919 664 2179 732 Werkes
2223 666 2321 730 bei
2377 664 2867 750 Unterstiitzuny

204 773 407 838 dunch
455 774 576 837 den
622 772 860 855 Kimiy,
906 774 1213 838 wdhrend
1256 772 1658 855 andernfalls
1702 773 1807 837 die
1850 772 2312 837 schc’idlichsten
2356 771 2597 854 Folmm
2640 793 2724 838 zu
2761 794 2866 855 ye-

200 881 520 962 wartiym
563 881 752 945 scien.
843 881 1104 967 [1535]
1149 881 1303 946 Mai
1348 884 1430 944 16
1474 879 1782 962 Neuburq
1811 880 1877 964 ¹).

154 1027 185 1080 5
350 1022 475 1077 Aua
517 1023 775 1093 deiy,
815 1024 960 1079 Bibe.
1001 1024 1180 1078 Marc.
1222 1024 1313 1078 lat.
1356 1024 1425 1079 οι.
1464 1023 1549 1077 lx
1587 1023 1704 1078 eod.
1745 1023 1812 1077 07
1851 1021 1943 1077 fol.
1982 1021 2191 1077 56-57
2231 1023 2436 1093 etym.
2479 1022 2635 1077 eone.

384 1146 466 1210 In
533 1149 799 1213 materia
876 1147 1126 1213 concilii
1200 1147 1420 1213 laboro
1496 1146 2000 1232 diligentissime,
2077 1148 2227 1234 quia
2294 1149 2382 1211 ita
2448 1155 2544 1211 est
2609 1147 2868 1212 intentio

202 1253 522 1340 pontificis
582 1262 644 1318 et
690 1255 841 1342 quia
899 1258 1027 1320 scio
1090 1278 1189 1320 me
1247 1256 1456 1320 facere
1501 1255 1568 1319 in
1614 1253 1735 1318 hoc
1793 1276 1927 1318 rem
1974 1267 2222 1340 gratam
2271 1254 2506 1319 Sacrae
2552 1254 2869 1341 Majestati

203 1361 495 1443 Vestrae,
543 1383 705 1449 quae
750 1362 1047 1448 dignetur
1091 1360 1436 1449 intelligere
1483 1364 1549 1426 in
1588 1384 1713 1449 quo
1763 1368 1933 1425 statu
1978 1362 2058 1425 sit
2101 1370 2237 1426 tota
2281 1360 2397 1426 hec
2441 1383 2648 1426 causa.
2729 1362 2869 1448 jam

200 1466 452 1533 absolvi
499 1467 808 1534 circulum
853 1468 1238 1534 Bavaricum
1302 1480 1365 1534 et
1420 1470 1634 1534 inveni
1693 1469 2010 1555 principes
2069 1490 2284 1534 omnes
2344 1466 2505 1533 bene
2562 1470 2871 1534 animatos

129 1589 188 1644 10
203 1583 266 1640 et
311 1575 425 1662 qui
469 1574 849 1662 pollicentur
892 1576 1180 1641 favorem
1227 1584 1290 1641 et
1334 1574 1644 1641 auxilium
1691 1575 2132 1663 quodcumque
2178 1583 2476 1662 poterunt
2505 1576 2675 1641 dare.
2736 1578 2868 1641 ani-

202 1682 567 1747 madvertet
624 1691 835 1748 autem
896 1683 1066 1771 quod
1124 1684 1404 1748 maxime
1462 1682 1774 1770 placuerit
1830 1681 2153 1748 omnibus:
2215 1682 2386 1769 quod
2445 1706 2572 1747 non
2641 1705 2868 1769 propo-

204 1790 442 1854 suerim
488 1789 822 1855 concilium
881 1791 1169 1856 intricate
1229 1799 1293 1855 et
1352 1813 1498 1856 cum
1558 1788 1800 1876 aliquot
1867 1787 2147 1854 articulis
2193 1797 2256 1854 et
2300 1789 2764 1855 conditionibus
2808 1799 2872 1854 et

204 1897 825 1984 interrogationibus,
871 1899 923 1961 si
969 1896 1167 1962 velint
1209 1898 1386 1984 prius
1430 1897 1551 1962 hoc
1596 1898 1805 1962 facere
1851 1895 1952 1961 vel
1996 1895 2136 1979 hoc,
2183 1896 2347 1962 sicut
2376 1895 2714 1984 aliquando
2752 1897 2872 1963 fuit

206 2004 449 2069 factum
492 2005 559 2068 in
606 2003 717 2069 tali
750 2027 960 2087 causa,
1008 2005 1119 2070 sed
1164 2028 1322 2091 pure
1354 2012 1416 2069 et
1446 2003 1812 2091 simpliciter
1842 2026 1959 2085 per
1989 2003 2147 2068 haec
2187 2002 2416 2068 verba:
2466 2005 2657 2069 affero
2691 2004 2870 2069 vobis

134 2125 191 2176 15
208 2109 674 2176 conclusionem
720 2112 1053 2198 pontificis,
1099 2114 1209 2199 qui
1255 2110 1392 2177 vult
1438 2111 1619 2178 vobis
1675 2111 1882 2176 facere
1942 2111 2310 2194 concilium3
2364 2111 2492 2197 jam
2538 2110 2871 2198 loquamur

208 2218 287 2283 de
343 2218 521 2302 loco3
577 2217 910 2307 debeam⁸)
972 2241 1320 2306 proponere
1389 2220 1708 2304 negotium
1778 2218 2033 2305 reliquis
2095 2217 2486 2305 principibus
2544 2242 2658 2305 per
2712 2218 2870 2284 Ger-

208 2328 505 2390 maniam.
597 2334 660 2391 et
715 2349 931 2391 omnes
975 2325 1064 2390 hii
1107 2327 1427 2413 principes
1472 2326 1784 2391 dederunt
1842 2325 1996 2389 mihi
2041 2325 2369 2391 consilium
2432 2325 2602 2413 quod
2650 2327 2869 2391 eodem

211 2433 400 2498 modo
447 2441 513 2498 et
556 2456 684 2499 non
730 2432 854 2499 alio
884 2436 954 2519 ²).

388 2539 564 2605 Bene
608 2542 736 2605 scio
756 2591 772 2618 ,
832 2541 1018 2605 Sernrm
1064 2563 1213 2624 rex,
1272 2540 1442 2628 quod
1499 2542 1618 2605 ista
1664 2541 1928 2605 materia
1986 2538 2253 2605 multum
2311 2539 2588 2627 perdidit
2633 2540 2711 2605 de
2757 2563 2868 2605 sua

131 2649 697 2732 20existimatione,
744 2650 894 2736 quia
922 2649 1043 2713 fuit
1087 2650 1409 2735 Proposita
1440 2646 1868 2735 superioribus
1898 2649 2080 2713 annis
2126 2657 2187 2713 et
2233 2672 2358 2712 non
2406 2646 2600 2730 finita,
2648 2657 2712 2713 et
2740 2650 2869 2713 scio

214 2756 382 2845 quod
445 2755 626 2820 multi
685 2755 895 2821 adhuc
956 2756 1221 2821 credunt
1279 2756 1448 2843 quod
1506 2778 1633 2819 non
1693 2764 1996 2820 tractetur
2043 2755 2229 2819 modo
2287 2758 2459 2819 omni
2504 2757 2699 2839 seri03
2760 2758 2872 2821 sed

214 2871 422 2927 tamen
454 2886 710 2949 possum
757 2863 969 2927 dicere
1014 2863 1185 2951 quod
1231 2865 1282 2927 si
1329 2870 1635 2927 tractatus
1681 2886 1858 2927 meus
1905 2862 2378 2927 continuabitur
2426 2886 2570 2927 cum
2617 2863 2872 2950 reliquis

215 2969 608 3056 principibus
654 2993 799 3035 cum
843 2971 1064 3036 eadem
1124 2971 1401 3057 puritate
1457 2977 1521 3035 et
1564 2970 1987 3055 ingenuitate,
2049 2971 2180 3033 sine
2225 2969 2507 3034 articulis
2552 2980 2613 3035 et
2659 2971 2870 3057 dispu-

214 3076 576 3159 tationibus,
623 3078 1017 3142 inveniemus
1075 3079 1178 3165 qui
1243 3078 1545 3163 incipient
1590 3076 1778 3142 nobis
1824 3076 2079 3142 credere
2125 3077 2621 3163 proponentibus
2666 3080 2872 3143 conci-

130 3194 200 3249 25
215 3182 365 3249 lium
382 3234 401 3268 ‚
460 3186 740 3249 maxime
798 3206 946 3249 vero
1003 3186 1056 3249 si
1115 3206 1314 3271 papa,
1375 3186 1427 3248 si
1473 3183 1785 3249 Caesarea
1842 3192 1904 3249 et
1952 3184 2182 3249 Vestra
2227 3184 2528 3271 Majestas
2586 3185 2875 3251 dederint

215 3294 672 3377 promotionem
739 3300 804 3356 et
889 3294 1351 3378 reputationem
1431 3294 1699 3377 negotio.
1831 3300 1892 3355 et
1974 3290 2258 3378 supplico
2337 3314 2486 3356 sane
2555 3292 2873 3379 Majestati

216 3398 481 3464 Vestrae
541 3407 615 3464 ut
671 3406 975 3485 quantum
1025 3400 1106 3465 ad
1154 3422 1220 3464 se
1265 3398 1418 3464 velit
1481 3398 1601 3463 hoc
1660 3398 1911 3481 facere,
1969 3405 2030 3462 et
2097 3397 2217 3463 hoc
2277 3399 2483 3484 ipsum
2543 3407 2636 3463 est
2704 3399 2872 3487 quod

218 3508 557 3593 praecipue
589 3507 793 3593 cupio,
839 3506 1077 3571 scilicet
1106 3512 1178 3571 ut
1208 3506 1502 3593 dignetur
1531 3505 1612 3570 ad
1644 3527 1746 3570 me
1779 3505 2053 3570 scribere
2085 3508 2138 3568 si
2169 3504 2459 3570 habuerit
2505 3528 2871 3593 responsum

217 3611 600 3678 Caesareum
646 3636 835 3700 super
866 3616 1296 3700 acceptatione
1340 3613 1479 3696 loci,
1527 3614 1659 3677 sine
1691 3634 1816 3699 quo
1861 3635 2160 3699 responso
2194 3635 2318 3677 non
2365 3635 2619 3700 possum
2666 3614 2873 3678 facere

131 3719 490 3809 30aliquem
540 3719 775 3786 bonum
824 3720 1116 3786 fructum.

394 3828 759 3893 Tractando
806 3850 951 3893 cum
1011 3826 1303 3893 omnibus
1360 3827 1455 3892 his
1512 3826 1906 3914 principibus
1950 3826 2198 3892 adverti
2248 3828 2417 3914 quod
2476 3829 2596 3915 ipsi
2643 3826 2875 3893 vellent

219 3934 426 4000 facere
471 3958 670 4000 unum
717 3944 1097 4000 conventum
1143 3938 1207 3999 in
1255 3935 1592 4000 Monachio
1608 3984 1626 4016 ,
1686 3934 1895 3999 subito
1954 3935 2206 4022 quando
2253 3957 2369 4019 ego
2415 3934 2658 3999 rediero
2703 3934 2872 4017 illuc,

220 4050 283 4105 et
326 4041 475 4106 dare
520 4042 673 4106 mihi
719 4045 966 4107 unitum
1012 4065 1381 4129 responsum
1427 4044 1724 4107 omnium.
1817 4051 1878 4108 et
1934 4041 2013 4106 de
2058 4044 2177 4106 isto
2224 4051 2538 4106 conventu
2584 4042 2872 4107 faciendo

220 4147 519 4215 dixerunt
562 4150 717 4214 mihi
761 4172 1056 4237 expresse
1102 4150 1236 4214 dux
1286 4148 1639 4214 Willelmus
1684 4158 1748 4214 et
1793 4148 1929 4213 dux
1976 4148 2373 4232 LudovicuS,
2432 4159 2726 4234 rogantes
2771 4172 2872 4215 me

132 4361 203 4416 35
362 4382 405 4432 ι)
433 4382 530 4423 stc!

368 4489 410 4557 ¹)
446 4489 715 4560 Neubwry
751 4508 801 4545 a.
840 4490 896 4544 d.
932 4490 1174 4559 Dorum,
1222 4489 1497 4546 Residem
1541 4491 1637 4544 des
1673 4489 2036 4560 Psalzyrafen
2073 4488 2336 4560 Philipp,·
2369 4491 2474 4560 vyl.
2512 4507 2629 4545 mr.
2670 4493 2779 4544 150
2812 4509 2869 4544 u.

2938 561 3078 614 1535

2884 633 3014 686 Mai
3050 635 3116 685 16

224 4582 351 4646 151,
396 4597 499 4635 aus
546 4580 723 4635 denen
757 4580 876 4635 sich
910 4580 1001 4634 die
1035 4580 1217 4636 Bouto
1265 4580 1356 4635 des
1408 4582 1659 4650 Veryem’o
1706 4581 1938 4649 eryiebt5
1989 4596 2089 4634 zur
2134 4579 2454 4648 Datierunq
2491 4581 2592 4648 vyl.
2633 4579 2722 4632 die
2765 4580 2870 4633 Be·
2933 4604 2943 4615 ·

220 4668 476 4738 markus-9
510 4687 581 4723 zu
615 4686 704 4724 nr.
742 4672 861 4724 150.

367 4757 408 4827 ²)
451 4760 563 4830 Vql.
604 4760 741 4815 oben
776 4777 861 4814 nr.
901 4762 1017 4815 146.
