3500 5300
595 311 707 375 362
1381 316 1480 371 No,
1520 317 1832 372 140-141:
1873 318 2011 373 1535
2049 317 2196 387 April
2234 319 2380 372 20.-
2395 319 2480 372 28.

386 514 520 566 1535
773 512 1025 589 Questo
1072 512 1156 576 ho
1202 511 1442 577 havuto
1491 512 1573 577 da
1621 515 1866 577 scriver
1910 520 1988 576 ne
2033 516 2118 578 mi
2169 535 2428 579 occorre
2476 514 2654 594 altro,
2701 537 2770 579 se
2818 537 2943 578 non
2983 537 3248 580 raccom-

329 583 461 651 ‘'¹¹⁹²''
501 587 579 637 20
596 618 945 683 mandarmi
994 627 1058 683 et
1105 619 1357 684 basciar
1400 620 1461 683 la
1507 642 1694 683 mano
1741 643 1780 684 a
1825 618 1916 686 V.
1964 618 2028 684 S.

324 742 460 810 ΑΡν.
498 747 578 797 20
775 743 860 808 Di
913 742 1173 808 Vienna
1218 745 1327 808 alli
1378 753 1461 812 20
1508 743 1798 830 d'aprille
1855 754 2038 812 1535.

326 1045 467 1112 Apr.
500 1049 747 1115 28141.
855 1048 1153 1131 Veryerio
1194 1068 1282 1111 an
1314 1048 1402 1112 K.
1434 1047 1851 1113 Ferdinand:
1896 1048 2050 1113 iiber
2091 1049 2212 1112 den
2261 1048 2540 1131 Verlauf
2572 1050 2686 1114 der
2728 1049 3248 1130 Unterhandlunq

592 1155 900 1219 zwischen
946 1154 1078 1219 ihm
1122 1155 1265 1218 und
1305 1154 1445 1220 dem
1486 1155 1707 1238 Kb'm'y
1751 1156 1906 1220 iiber
1952 1156 2056 1219 die
2092 1154 2535 1238 Concilsfraye.
2628 1157 2815 1223 Ueber
2860 1157 2960 1219 die
2988 1156 3249 1220 Ans-ioht
3289 1166 3318 1219 5

594 1261 701 1325 des
750 1261 1106 1327 Cardinals
1150 1282 1270 1325 von
1317 1260 1628 1345 Salzbury
1674 1262 1818 1326 betr.
1869 1261 2417 1345 Nothwendv'ykeit
2460 1264 2877 1346 voryc'inyiyer
2919 1262 3247 1345 Einiyuny

590 1368 898 1433 zwisalten
949 1368 1151 1449 Papst
1195 1367 1443 1433 Kaiser
1503 1369 1643 1432 und
1684 1368 1909 1451 K6ni9
1954 1369 2108 1433 aber
2153 1370 2257 1434 die
2324 1369 2685 1453 Ortsfraye,
2745 1370 3030 1453 Beiyabe
3087 1371 3247 1434 eines

591 1474 1014 1539 kaiserlichen
1065 1475 1348 1552 Orator-3,
1397 1475 1772 1558 Einholuny
1819 1476 1931 1541 der
1976 1476 2301 1559 Meimmy
2347 1477 2459 1541 der
2490 1477 2774 1559 Herzb'ye
2817 1496 2940 1542 von
2985 1476 3246 1543 Baiem.

593 1582 772 1646 Bitte
818 1602 908 1645 an
966 1582 1087 1646 den
1133 1582 1354 1665 Kb'niy
1413 1583 1534 1647 den
1588 1583 1838 1648 Kaiser
1904 1582 2227 1647 nochmals
2294 1603 2503 1666 weyen
2570 1582 2867 1666 baldiyen
2912 1583 3247 1649 Bescheids

592 1690 974 1772 anzuyehen.
1066 1689 1326 1774 [1535]
1370 1689 1573 1771 April
1615 1692 1707 1755 28
1752 1688 2064 1772 Salzbury
2093 1692 2165 1773 ¹).
3264 1699 3317 1751 10

732 1833 855 1886 Aue
897 1832 1151 1901 Venedigy,
1190 1833 1337 1886 Bibl.
1377 1833 1556 1886 Marc.
1595 1832 1708 1887 ital.
1749 1832 1817 1886 cl.
1849 1832 1936 1886 IX
1972 1832 2089 1886 cod.
2129 1832 2198 1887 67
2236 1832 2329 1887 fol.
2369 1834 2538 1904 50sq.
2577 1834 2740 1889 Cone.

765 1974 1041 2052 Quando
1091 1976 1237 2039 veni
1283 1997 1487 2060 nuper
1532 1975 1613 2038 ad
1661 1978 1902 2039 curiam
1934 1974 2214 2041 Vestrae
2247 1976 2488 2060 Regiae
2529 1976 2910 2062 Majestatis‚
2959 1999 3245 2042 veneram

588 2105 735 2147 cum
791 2082 905 2146 tali
968 2084 1413 2146 commissione
1461 2083 1689 2145 summi
1749 2082 2067 2168 pontificis
2113 2091 2185 2146 ut
2230 2105 2651 2168 proponerem
2698 2083 3039 2148 concilium
3093 2083 3247 2147 cele-

587 2188 896 2253 brandum
942 2187 1291 2253 secundum
1337 2210 1577 2252 morem
1622 2191 2024 2272 antiquorum
2071 2198 2321 2274 patrum
2365 2192 2432 2253 in
2487 2213 2613 2254 una
2642 2213 2724 2254 ex
2754 2188 2854 2254 his
2885 2189 3245 2254 civitatibus

588 2297 857 2360 Mantua
912 2296 1199 2359 Thurino
1258 2295 1552 2359 Bononia
1608 2294 1969 2374 Placentia,
2041 2304 2105 2360 et
2165 2295 2339 2381 quod
2396 2298 2611 2360 statim
2682 2319 2876 2381 quum
2947 2296 3246 2361 vidissem
3265 2305 3319 2359 15

587 2402 760 2487 quod
844 2402 1089 2468 Vestra
1176 2402 1380 2487 Regia
1468 2402 1780 2488 Majestas
1868 2403 2210 2467 concilium
2300 2402 2424 2466 hoc
2511 2401 2702 2467 modo
2786 2407 3247 2489 acceptavisset

590 2518 654 2574 et
698 2532 893 2574 unum
949 2531 1028 2573 ex
1087 2509 1186 2573 his
1253 2509 1442 2586 locis,
1499 2508 1801 2573 deberem
1863 2511 1953 2572 ire
2013 2508 2097 2573 ad
2156 2509 2489 2574 ellectores
2549 2512 2798 2596 imperii
2858 2518 2922 2573 et
2981 2510 3246 2575 circulos

588 2614 970 2681 Germaniae
1019 2625 1083 2680 et
1128 2638 1271 2681 cum
1319 2615 1443 2680 illis
1491 2615 1786 2681 similiter
1830 2616 2284 2681 concordarem
2330 2624 2401 2680 ut
2445 2617 2782 2681 concilium
2845 2625 3248 2705 acceptarent

587 2732 651 2787 et
695 2724 953 2788 modum
1000 2731 1063 2788 et
1108 2723 1336 2788 locum.
1427 2726 1732 2808 proposui
1796 2708 2042 2808 itaque,
2102 2725 2291 2788 sicuti
2349 2722 2504 2788 mihi
2568 2724 2938 2789 mandatum
3002 2734 3130 2805 est,
3191 2734 3247 2788 et

585 2830 829 2897 Vestra
889 2830 1086 2895 Sacra
1144 2831 1454 2915 Majestas
1525 2830 1682 2894 mihi
1736 2829 2069 2915 respondit
2126 2829 2298 2915 quod
2369 2829 2660 2895 laudaret
2727 2830 3319 2896 deliberationemffl

586 2939 903 3024 pontificis
953 2947 1173 3023 utpote
1221 2940 1644 3001 necessariam
1692 2946 1757 3001 et
1801 2936 1974 3021 quod
2018 2937 2245 3001 modus
2294 2947 2638 3003 consuetus
2685 2938 2952 3003 deberet
2996 2938 3245 3024 placere

586 3053 650 3108 et
679 3044 850 3129 quod
881 3044 1059 3123 locus
1092 3045 1400 3109 Mantuae
1431 3066 1558 3107 non
1591 3053 1764 3108 esset
1795 3045 1919 3108 nisi
1952 3044 2172 3109 bonus.
2242 3044 2358 3108 sed
2391 3043 2642 3109 addidit
2665 3044 2908 3111 Vestra
2935 3044 3243 3132 Majestas

584 3152 791 3236 Regia
835 3151 1007 3236 quod
1052 3174 1180 3214 non
1227 3150 1421 3216 dabat
1465 3151 1621 3215 mihi
1669 3150 1792 3215 hoc
1839 3159 2051 3215 tamen
2095 3172 2213 3237 pro
2260 3151 2537 3215 resoluto
2584 3174 2892 3238 responso
2903 3200 2918 3230 ,
2977 3154 3130 3236 quia
3185 3155 3241 3217 in

583 3281 651 3322 re
699 3260 857 3323 tanti
903 3261 1207 3322 momenti
1253 3258 1510 3323 volebat
1555 3259 1730 3344 prius
1779 3257 2132 3341 intelligere
2163 3265 2438 3322 mentem
2470 3266 2535 3321 et
2564 3260 2984 3323 intentionem
3015 3258 3239 3323 Sacrae

586 3365 941 3429 Caesareae
988 3364 1367 3451 MajestatiS.
1458 3386 1584 3450 quo
1640 3386 1949 3449 responso
2008 3364 2104 3428 fui
2160 3364 2323 3429 bene
2382 3373 2718 3429 contentus
2767 3374 2832 3429 et
2887 3365 3316 3451 supplicaviffi

585 3480 655 3536 ut
698 3474 887 3536 citius
933 3494 1123 3556 quam
1168 3472 1303 3535 fieri
1363 3479 1585 3557 posset
1630 3469 1875 3535 Vestra
1931 3471 2138 3556 Regia
2183 3471 2494 3556 Majestas
2553 3471 2865 3536 scriberet
2922 3471 3006 3536 ad
3054 3472 3240 3536 Suam

584 3577 966 3642 Caesaream
1013 3588 1079 3641 et
1122 3577 1295 3662 quod
1343 3580 1534 3642 etiam
1579 3580 1893 3663 cogitaret
1947 3586 2017 3641 ut
2074 3576 2341 3642 adderet
2393 3578 2549 3641 mihi
2608 3601 2801 3643 unum
2861 3601 3046 3643 sumn
3106 3601 3239 3641 ora-

580 3694 783 3750 torem
828 3708 944 3770 pro
990 3687 1386 3771 reputatione
1432 3686 1753 3749 materiae.

758 3790 1023 3856 Interim
1054 3813 1204 3855 vero
1237 3790 1389 3854 dum
1420 3792 1665 3855 veniret
1693 3813 2086 3877 responsum,
2131 3812 2248 3876 ego
2290 3793 2465 3877 prius
2497 3791 2772 3876 cogitavi
2803 3790 2975 3877 quod
3007 3791 3238 3855 frustra

580 3899 833 3962 ivissem
867 3920 982 3983 per
1012 3896 1423 3963 Germaniam
1470 3898 1522 3960 si
1568 3920 1695 3961 non
1742 3920 1986 3977 possem
2019 3897 2260 3961 dicere:
2307 3898 2508 3983 Regia
2540 3897 2840 3982 Majestas
2885 3898 3314 3984 acceptavitsso

581 4005 914 4069 concilium
961 4005 1027 4068 in
1074 4004 1183 4068 tali
1230 4005 1512 4087 civitate,
1561 4011 1624 4069 et
1681 4005 1773 4068 sic
1817 4006 2020 4090 primo
2068 4003 2499 4069 deliberabam
2546 4003 2888 4069 subsistere
2933 4003 3236 4083 Viennae,

580 4112 782 4176 donec
836 4113 1078 4175 veniret
1122 4133 1491 4197 responsum
1540 4110 1899 4175 Cesareum.
1991 4119 2210 4197 postea
2256 4134 2405 4176 vero
2456 4110 2815 4197 compulsus
2862 4109 3118 4175 consilio
3177 4116 3237 4173 et

579 4220 869 4305 opinione
904 4217 1169 4282 Vestrae
1192 4218 1428 4302 Regiae
1461 4218 1825 4302 Majestatis‚
1872 4240 2036 4305 quae
2080 4219 2170 4282 ita
2215 4216 2524 4283 sentiebat
2568 4217 2739 4304 quod
2786 4219 3052 4282 materia
3079 4216 3234 4281 haec

576 4449 646 4486 zu
681 4431 791 4485 den
832 4431 1049 4485 Titi-ken
1081 4431 1321 4500 yebarmt
1356 4430 1605 4495 ‘mor-den,-
1641 4436 1750 4485 erst
1786 4431 1824 4484 i.
1863 4431 1914 4486 J:
1954 4435 2094 4485 1539
2129 4431 2362 4485 wurden
2410 4432 2499 4485 die
2536 4430 2794 4496 Bischo'fe
2829 4431 3011 4485 seim
3047 4429 3234 4484 Par-tei

576 4521 660 4573 als
695 4521 870 4575 30chae
905 4537 1012 4575 von
1049 4519 1148 4572 der
1184 4518 1350 4573 Curie
1388 4519 1722 4587 aneo-kannt,
1760 4521 1861 4589 val.
1901 4520 2011 4573 Bd.
2053 4524 2100 4574 3.
3248 4503 3309 4557 35

720 4608 764 4675 ¹)
804 4607 923 4663 Ein
958 4624 1063 4662 von
1113 4606 1338 4661 aiei-aus
1375 4623 1466 4660 am
1497 4608 1741 4676 gleichen
1785 4607 1928 4677 Tage
1965 4625 2045 4662 an
2079 4608 2358 4664 Ricalcati
2401 4608 2724 4677 aerichteter
2760 4605 2933 4672 Brief
2974 4607 3067 4663 dea
3108 4607 3231 4660 Ver·

574 4694 727 4762 aerio
761 4697 823 4759 (s.
863 4711 978 4748 ηπ.
1016 4697 1136 4747 142.
1176 4696 1300 4760 148)
1336 4694 1411 4747 ist
1448 4694 1705 4749 ver-lorea.
