3500 5300
1165 452 1265 508 No.
1303 455 1367 509 2:
1408 453 1546 510 1536
1583 454 1818 509 Oktober
1852 455 1938 510 24.
2810 454 2885 516 59

210 657 276 715 et
322 649 884 732 confederationes,
930 673 1090 737 quas
1135 652 1442 736 proximis
1489 652 1673 716 annis
1719 674 1862 717 cum
1897 652 2270 719 Infidelibus
2316 652 2539 719 habuit
2584 662 2646 719 et
2693 677 2880 738 nunc,
2955 659 3096 709 1536

210 757 262 820 si
311 755 393 821 ob
441 755 634 821 ullam
681 758 1047 822 sanctitatis
1089 756 1255 822 Suae
1302 756 1751 843 negligentiam
1801 757 1901 823 vel
1950 767 2379 846 contemptum
2429 763 2492 825 in
2543 761 2882 827 universali
2907 727 3028 781 ΟΜ·
3066 730 3140 781 24

210 863 456 951 synodo
502 864 637 951 ejus
681 862 947 951 praelati
995 886 1120 928 non
1166 873 1631 950 comparerent,
1679 888 1826 930 cum
1872 866 2153 931 evidenti
2199 866 2575 932 detrimento
2621 868 2769 933 fidei
2815 870 2879 933 in

210 972 563 1037 defectione
610 971 693 1035 ab
739 969 1097 1037 obedientia
1142 979 1205 1036 et
1250 973 1483 1037 unione
1529 980 1787 1037 sanctae
1819 973 2143 1037 Romanae
2189 971 2492 1038 ecclesiae
2538 976 2727 1039 nimis
2772 975 2883 1039 diu

152 1077 699 1144 5insordesceret:
775 1087 1108 1166 eapropter
1167 1078 1487 1144 Sanctitas
1545 1079 1677 1145 Sua
1749 1080 1833 1144 ad
1914 1080 2418 1167 archiepiscopos
2502 1082 2638 1168 ejus
2706 1084 2883 1169 regni

210 1185 428 1251 literas
472 1188 538 1251 in
584 1187 786 1251 forma
818 1185 1030 1251 brevis
1076 1185 1314 1269 scribit,
1361 1209 1695 1273 suppresso
1742 1195 1954 1252 tamen
2001 1188 2283 1274 ipsorum
2322 1189 2579 1275 proprio
2610 1190 2882 1270 nomine,

212 1300 278 1357 et
325 1315 455 1356 una
513 1295 728 1380 copias
787 1293 1183 1359 authenticas
1242 1293 1452 1358 bullae
1514 1294 1766 1360 concilii
1828 1303 1957 1360 tam
2021 1295 2105 1360 ad
2163 1297 2333 1381 ipsos
2391 1318 2582 1382 quam
2630 1294 2713 1361 ad
2761 1297 2885 1361 suf·

211 1400 548 1486 fraganeos
616 1409 679 1466 et
748 1399 1011 1466 abbates
1077 1403 1144 1465 in
1213 1423 1427 1466 eorum
1512 1403 1856 1488 provinciis
1924 1405 2336 1468 consistentes
2403 1403 2611 1467 mittit.
2726 1424 2888 1489 quae

215 1506 442 1572 brevia
509 1531 639 1573 una
706 1531 851 1573 eum
920 1508 1261 1595 praedictis
1329 1510 1529 1595 copiis
1612 1509 1908 1574 dominus
1994 1511 2264 1575 nuncius
2331 1508 2582 1575 curabit
2650 1516 2886 1596 quanto

120 1626 190 1677 10
211 1618 528 1681 maturius
586 1617 815 1702 poterit
874 1616 957 1680 ad
1020 1615 1376 1702 praedictos
1435 1616 1941 1704 archiepiscopos
2000 1618 2247 1682 mittere
2294 1626 2387 1700 et,
2450 1618 2502 1681 si
2549 1616 2888 1699 videbitur,

212 1725 407 1789 etiam
466 1723 548 1788 ad
607 1746 715 1788 eos
776 1723 1050 1788 scribere
1097 1733 1166 1789 ut
1213 1725 1570 1810 praedictas
1631 1726 1846 1812 copias
1907 1748 2020 1811 per
2077 1748 2295 1790 omnes
2354 1725 2783 1810 suffraganeos
2828 1734 2891 1789 et

212 1829 485 1901 abbates
553 1853 809 1896 suarum
878 1831 1349 1916 provinciarum
1419 1829 1833 1913 distribuant,
1919 1839 1987 1896 ut
2069 1832 2151 1897 ad
2234 1833 2516 1897 omnium
2598 1832 2888 1897 notitiam

216 1961 490 2027 quorum
537 1939 796 2003 interest
852 1939 917 2001 in
979 1960 1054 2001 eo
1112 1960 1309 2024 regno
1357 1937 1682 2025 praedicta
1743 1937 1993 2004 concilii
2052 1940 2363 2005 intimatio
2423 1947 2484 2003 et
2543 1937 2889 2025 publicatio

214 2047 562 2135 perveniat.

122 2160 195 2214 15
396 2153 494 2218 Ne
555 2160 763 2218 autem
820 2154 1050 2217 mirum
1099 2153 1391 2218 videatur
1437 2152 1621 2218 Ser¹¹¹⁰
1670 2153 2100 2218 Romanorum
2149 2161 2262 2218 eto.
2310 2153 2478 2239 regi,
2540 2150 2892 2218 declarabit

218 2262 518 2327 dominus
564 2262 834 2325 nuncius
878 2260 1194 2348 Majestati
1243 2261 1408 2325 Suae
1456 2260 1701 2326 Sanmum
1748 2260 2098 2326 Dominum
2144 2260 2446 2326 Nostrum
2493 2284 2608 2347 pro
2654 2258 2892 2326 honore

216 2369 347 2433 Dei
394 2366 593 2433 salute
639 2367 1013 2433 universalis
1060 2367 1359 2433 ecclesiae
1407 2392 1482 2433 ac
1529 2367 1778 2433 concilii
1824 2367 2186 2434 celebrandi
2219 2370 2462 2455 majore
2508 2369 2892 2455 perfectione

218 2476 345 2541 hoc
389 2476 627 2557 fecisse,
675 2475 842 2539 unde
889 2475 1191 2562 Majestas
1238 2476 1369 2541 Sua
1414 2477 1626 2562 (cujus
1675 2482 1891 2562 utpote
1937 2475 2321 2542 Germaniae
2368 2477 2535 2562 regis
2580 2475 2699 2541 hoc
2747 2498 2892 2541 con·

218 2581 440 2649 cilium
500 2584 892 2671 potissimum
962 2584 1250 2670 interest)
1318 2585 1503 2649 etiam
1574 2584 1783 2670 majus
1843 2584 2242 2649 commodum
2315 2592 2762 2672 consequetur,
2832 2593 2895 2649 et

127 2694 597 2782 20praesertim
647 2693 797 2780 quia
842 2691 1164 2757 Sanctitas
1210 2691 1342 2758 Sua
1388 2714 1513 2757 non
1562 2692 1951 2758 nominando
1997 2692 2356 2780 praedictos
2388 2691 2895 2779 archiepiscopos

222 2823 629 2888 nequaquam
661 2806 993 2887 propterea
1038 2823 1144 2864 eos
1176 2799 1505 2865 confirmat
1552 2807 1661 2865 aut
1692 2802 2088 2886 recognoscit
2133 2798 2232 2865 vel
2267 2799 2560 2883 admittit,
2610 2801 2892 2888 quinimo

221 2910 417 2974 ctiam
468 2908 519 2971 si
564 2930 782 2972 eorum
830 2929 1056 2971 nomen
1105 2908 1584 2994 exprimeretur,
1631 2905 1788 2971 nihil
1834 2915 2166 2994 propterea
2215 2908 2419 2993 magis
2464 2929 2656 2994 quam
2705 2914 2892 2972 antea

222 3014 349 3080 illis
408 3014 755 3081 accederet.
838 3037 963 3079 non
1024 3015 1188 3078 enim
1251 3037 1535 3079 summus
1582 3015 1868 3100 pontifex
1928 3014 2203 3102 aliquem
2253 3012 2502 3079 titulum
2573 3012 2762 3077 alicui
2829 3015 2893 3078 in

225 3120 866 3210 superscriptionibus
897 3121 1232 3187 tribuendo
1281 3144 1424 3186 eum
1472 3120 1659 3187 talem
1708 3123 1862 3186 facit
1892 3120 2141 3209 qualem
2190 3121 2253 3184 in
2305 3119 2482 3185 titulo
2524 3121 2895 3204 nominavit,

132 3231 353 3295 ‘25nisi
399 3229 504 3295 ille
551 3228 807 3295 aliunde
855 3231 934 3294 sit
979 3228 1152 3311 talis,
1214 3230 1377 3295 sicut
1435 3231 1623 3295 etiam
1685 3230 1749 3293 in
1798 3230 1995 3294 sacris
2053 3225 2402 3293 canonibus
2460 3235 2715 3293 cautum
2770 3236 2896 3308 est3

223 3345 406 3404 tanto
453 3339 647 3424 igitur
692 3338 906 3402 minus
951 3359 1076 3401 non
1125 3335 1541 3424 exprimendo
1587 3358 1801 3401 eorum
1854 3359 2118 3420 nomen3
2168 3357 2364 3423 quare
2409 3335 2541 3400 Sua
2581 3333 2899 3399 Sanctitas

225 3469 357 3511 non
405 3445 486 3510 ad
535 3443 673 3509 illos
704 3450 1128 3527 contumaces,
1168 3443 1286 3508 sed
1334 3442 1414 3508 ad
1461 3441 1707 3507 illorum
1741 3441 2036 3507 ecclesias
2082 3441 2185 3507 vel
2229 3441 2539 3529 legitimos
2583 3440 2896 3506 dictarum

225 3551 636 3619 ecclesiarum
692 3551 1041 3639 praelatOS,
1103 3552 1154 3615 si
1215 3552 1321 3637 qui
1383 3558 1528 3614 sunt
1588 3549 1689 3614 vel
1735 3572 1871 3614 esse
1916 3547 2249 3632 deberent,
2309 3547 2582 3614 scribere
2629 3546 2896 3612 videtur.

227 3663 282 3726 si
346 3662 539 3747 igitur
585 3660 805 3746 vigore
866 3659 1054 3747 hujus
1112 3659 1462 3723 vocationis
1519 3657 1602 3721 ad
1662 3656 1995 3722 concilium
2053 3656 2384 3739 accedent,
2444 3662 2784 3742 antequam
2833 3655 2898 3718 in

139 3772 211 3824 30
227 3772 501 3858 gratiam
550 3767 715 3834 sedis
753 3763 1131 3853 apostolicae
1178 3764 1513 3848 redierint,
1568 3771 1816 3852 petetur
1859 3763 1985 3829 illic
2031 3764 2114 3829 ab
2160 3765 2280 3829 eis:
2338 3765 2538 3828 amice
2584 3761 2899 3849 quomodo

230 3879 359 3943 huc
418 3877 697 3959 intrasti,
761 3898 888 3939 non
937 3872 1179 3938 habens
1241 3881 1477 3937 vestem
1538 3871 1883 3959 nuptialem
1916 3872 2016 3961 ¹)‘?
2083 3894 2287 3959 neque
2344 3873 2518 3958 prius
2576 3868 2902 3935 habebunt

230 3995 455 4050 votum
502 3990 615 4048 aut
660 3983 815 4047 alias
846 3981 1258 4046 admittentur
1304 4003 1495 4068 quam
1529 3988 1784 4045 sanctae
1831 3979 2018 4045 matri
2060 3978 2361 4044 ecclesiae
2408 3978 2641 4043 fuerint
2683 3998 2900 4042 recon-

232 4093 448 4160 ciliati.
544 4092 641 4155 sin
702 4098 912 4155 autem
975 4087 1309 4153 concilium
1369 4086 1579 4175 aliquo
1640 4087 1917 4173 legitimo
1963 4086 2414 4173 impedimento
2475 4084 2902 4151 retardaretur

233 4210 297 4266 et
344 4199 433 4264 illi
479 4221 561 4263 ex
610 4196 727 4263 hac
772 4197 1175 4283 inscriptione
1206 4203 1503 4282 putarent
1549 4218 1614 4260 sc
1661 4218 1796 4259 esse
1842 4218 1882 4259 a
1927 4194 2075 4259 sede
2105 4191 2450 4280 apostolica
2481 4193 2902 4272 confirmatos,

148 4311 216 4364 35
235 4317 392 4374 tunc
450 4306 766 4371 Sanctitas
813 4306 943 4368 Sua
1004 4301 1354 4368 declarabit
1411 4311 1683 4367 mentem
1745 4325 1926 4366 suam
1990 4309 2052 4366 et
2111 4307 2333 4365 contra
2377 4322 2485 4364 eos
2529 4322 2642 4387 per
2686 4297 2904 4363 debita

225 4416 394 4504 juris
440 4411 737 4494 remedia,
784 4413 968 4477 sicuti
1013 4419 1218 4495 antea,
1265 4411 1578 4499 procedet.

418 4519 591 4584 Hae·
635 4527 782 4584 sunt
838 4520 1114 4584 rationes
1181 4527 1242 4584 et
1311 4524 1685 4604 argumenta
1754 4514 1986 4603 quibus
2053 4515 2346 4580 dominus
2415 4513 2686 4578 nuncius
2752 4535 2905 4598 erga

238 4631 473 4696 Ser¹¹¹¹¹⁰¹
533 4650 743 4712 regem
805 4629 897 4692 uti
959 4628 1216 4713 poterit,
1276 4628 1327 4690 si
1385 4648 1574 4714 quam
1637 4623 2075 4689 difficultatem
2124 4622 2424 4708 Majestas
2470 4623 2600 4687 Sua
2655 4621 2722 4683 in
2783 4618 2903 4684 hoc

390 4863 433 4934 ¹)
472 4862 579 4918 Ευ.
616 4862 821 4916 March.
859 4865 939 4915 22
976 4877 1023 4913 v.
1062 4865 1145 4914 12.
