3500 5300
513 369 520 378 ·
606 348 716 410 588
1314 350 1415 407 Nc.
1451 351 1763 408 217-218·
1804 351 1944 408 1535
1978 351 2273 406 November
2309 353 2391 407 11.
2398 353 2552 407 —13.

400 551 538 604 1535
609 544 849 612 fectum
895 545 976 612 ad
1021 547 1144 612 hoc
1190 555 1549 634 promptum
1616 547 1934 613 declarare
1989 571 2032 613 v
2036 549 2149 614 elit
2217 571 2292 614 ac
2352 551 2444 614 uti
2504 549 2699 614 ceteri
2747 545 3132 613 Germaniae
3175 549 3254 633 pii

345 620 487 675 ΝΜ
528 624 592 676 Π
609 655 929 740 principes
968 654 1218 740 (quibus
1267 662 1332 720 et
1375 654 1533 720 fides
1583 663 1648 720 et
1690 678 1820 742 pax
1865 654 2043 721 cordi
2089 661 2208 738 est)
2255 679 2371 743 pro
2405 656 2573 720 virili
2618 654 2894 720 adunare
2943 654 3101 719 velit
3145 662 3254 719 etc.

788 760 996 846 Super
1041 760 1197 826 haec
1244 762 1528 847 longiore
1586 761 1845 848 quidem
1889 762 2165 828 dictione
2216 765 2509 849 exposita
2563 760 3079 849 respondendum
3125 761 3257 826 bre-

609 869 778 932 viter
836 866 1019 932 duxit
1075 891 1151 934 ac
1210 872 1552 935 commisit:
1612 868 1809 933 mmm
1853 870 2372 935 Dominationem
2417 868 2614 934 Suam
2658 868 2780 933 hoc
2826 870 2968 955 ipso
3015 867 3257 933 Sancti-

608 978 758 1039 tatis
805 973 973 1040 Suae
1032 977 1325 1040 instituto
1384 978 1610 1041 mirum
1668 978 1734 1040 in
1795 975 2052 1041 modum
2109 976 2387 1062 gaudere
2445 999 2521 1042 ac
2568 974 2949 1042 Germaniae
3013 985 3256 1041 nostrae
3301 993 3329 1044 5

608 1084 879 1168 turpiter
923 1083 1159 1148 scissae
1205 1105 1281 1147 ac
1327 1092 1423 1148 tot
1450 1089 1497 1166 ²)
1542 1083 1874 1149 heresibus
1935 1084 2212 1150 infectae
2271 1084 2354 1148 ob
2400 1083 2524 1149 hoc
2567 1085 2776 1170 ipsum
2819 1084 3007 1149 unice
3053 1093 3258 1168 gratu-

608 1188 721 1253 lari
789 1188 1036 1276 hocque
1101 1189 1409 1275 generalis
1479 1191 1733 1256 concilii
1793 1190 2147 1257 remedium
2203 1189 2315 1255 diu
2376 1192 2529 1256 satis
2590 1199 2727 1255 tum
2788 1191 3104 1256 ambiisse*
3134 1200 3256 1254 tum

609 1305 1000 1382 expectasse.
1088 1319 1284 1382 quum
1310 1296 1358 1378 Β)
1406 1320 1560 1362 vero
1617 1296 1700 1362 ad
1757 1296 1825 1362 id
1884 1297 2330 1364 celebrandam
2389 1321 2580 1363 unam
2636 1298 2811 1363 illam
2868 1320 2980 1384 pre
3037 1299 3255 1364 ceteris

607 1405 916 1488 insignem
961 1404 1293 1469 Mantuam
1340 1404 1560 1469 urbem
1590 1403 1722 1470 Sua
1768 1404 2092 1471 Sanctitas
2139 1405 2562 1471 denominarit
2593 1412 2658 1470 et
2703 1406 2768 1468 in
2815 1403 3043 1470 eadem
3075 1403 3257 1469 Sacra

609 1509 925 1576 Caesarea
969 1534 1043 1576 ac
1090 1511 1293 1596 Regia
1336 1511 1713 1597 Majestates
1761 1520 1833 1577 ut
1889 1512 2095 1578 fertur
2149 1514 2627 1592 consenserint,
2687 1534 2764 1577 eo
2825 1533 2896 1576 se
2959 1520 3256 1595 rogatum,
3272 1528 3327 1580 10

606 1617 798 1683 modo
845 1617 1099 1684 diversa
1142 1617 1446 1683 valetudo
1499 1627 1610 1684 aut
1653 1630 1867 1685 cetera
1924 1620 2236 1706 legittima
2295 1642 2490 1685 causa
2547 1642 2674 1684 non
2733 1617 3106 1706 propediat,
3162 1640 3256 1682 ac-
3445 1605 3446 1628 ³

609 1724 839 1791 cedere
884 1748 1011 1790 non
1054 1725 1407 1807 recusabit,
1463 1728 1518 1790 si
1576 1726 1792 1792 videat
1837 1749 1979 1792 sese
2039 1750 2165 1792 una
2208 1730 2436 1792 ceteris
2483 1728 2648 1792 sacri
2695 1726 2969 1792 Romani
3018 1725 3255 1812 imperii

607 1832 1021 1919 principibus·
1047 1832 1425 1899 electoribus
1483 1833 1868 1920 reliquisque
1927 1858 2106 1900 sacre
2167 1834 2488 1919 religionis
2549 1834 2984 1922 potentatibus
3033 1832 3118 1898 ad
3159 1855 3258 1917 ge-

607 1940 820 2005 nerale
851 1938 1261 2005 christianum
1291 1941 1628 2005 concilium
1660 1941 1792 2023 (ubi
1838 1941 2231 2008 restituenda
2263 1942 2568 2008 ecclesiae
2606 1941 2886 2027 dignitas
2935 1949 3000 2006 et
3046 1939 3259 2005 autho-
3445 2009 3446 2014 η

606 2049 760 2112 ritas
807 2047 1184 2130 celebratur)
1214 2050 1449 2112 vocari.
1525 2047 1775 2135 hocque
1819 2072 2015 2114 unum
2045 2048 2149 2114 vel
2195 2047 2636 2114 ardentissime
2684 2048 2919 2113 habere
2955 2048 3068 2134 [in]
3102 2048 3258 2112 votis
3278 2061 3330 2115 15
3445 2051 3446 2054 ’

608 2177 683 2219 ac
730 2176 963 2241 cupere
1009 2177 1090 2220 ne
1135 2153 1452 2219 Sanctitas
1499 2153 1630 2220 Sua
1673 2156 1798 2221 hoc
1844 2165 2032 2243 cepto
2079 2158 2267 2221 unico
2315 2155 2623 2221 desistere
2678 2177 2754 2220 ac
2798 2177 3050 2220 cessare
3097 2154 3258 2233 velit,

607 2264 737 2325 imo
768 2261 994 2327 devios
1026 2284 1102 2327 ac
1148 2269 1427 2327 errantes
1457 2270 1759 2349 tanquam
1801 2263 2141 2329 fidissimus
2173 2273 2393 2351 pastor
2423 2285 2578 2328 oves
2608 2261 2933 2327 reducere.
3003 2260 3257 2349 proinde

608 2390 803 2454 quum
868 2368 1041 2434 idem
1107 2369 1282 2434 locus
1331 2368 1667 2434 Sanctitati
1716 2368 1902 2450 Suae,
1948 2370 2224 2436 Cesaree
2281 2394 2357 2436 ac
2414 2370 2619 2456 Regie
2679 2370 3007 2456 Maiestati
3067 2379 3260 2433 tram-

607 2474 912 2540 ferendus
943 2485 1275 2541 censeatur
1303 2476 1686 2563 publicoque
1715 2479 2026 2564 rescripto
2055 2478 2489 2558 transferatur,
2536 2476 2785 2563 prefato
2830 2484 3046 2541 tamen
3077 2474 3256 2539 modo
3445 2559 3446 2562 Ἴ

608 2605 684 2648 ac
729 2581 1097 2664 rationibus,
1142 2585 1235 2649 sic
1279 2584 1411 2648 fieri
1457 2584 1686 2670 probat
1730 2596 1913 2671 rogat
1958 2607 2033 2650 ac
2079 2585 2452 2665 obtestatur,
2497 2584 2621 2649 hoc
2665 2586 2809 2671 ipso
2856 2581 3255 2648 Germaniam
3273 2597 3333 2649 20

608 2701 890 2756 nostram
935 2691 1121 2776 longe
1167 2689 1303 2756 fore
1350 2693 1822 2777 pacatissimam
1867 2694 2122 2757 minime
2184 2691 2479 2757 dubitans
2540 2691 2954 2776 futurumque
3015 2711 3257 2776 quoque
3445 2682 3446 2697 ¹

609 2801 701 2863 uti
751 2808 815 2864 et
858 2798 1339 2883 augustissimus
1385 2799 1729 2884 imperator
1775 2800 1886 2885 [et]
1935 2801 2372 2865 serenissimus
2419 2822 2532 2863 rex
2575 2800 2852 2884 genuina
2895 2798 3091 2863 animi
3137 2798 3258 2863 vir-

608 2915 742 2971 tute
789 2927 864 2970 ac
910 2903 1183 2971 candore
1230 2906 1364 2990 ejus
1410 2907 1501 2969 rei
1533 2907 1709 2970 velut
1754 2908 1968 2991 capita
1995 2906 2259 2971 consilio
2308 2905 2648 2992 prudentia
2694 2906 3083 2990 summisque
3128 2913 3257 2968 tan-

610 3013 755 3079 dem
813 3012 1040 3100 opibus
1109 3012 1256 3077 huic
1323 3022 1728 3077 sacrosancto
1792 3013 2080 3077 instituto
2139 3011 2363 3077 San¹¹¹²⁸
2432 3011 2842 3078 Paternitatis
2903 3010 3070 3078 Suae
3137 3032 3254 3075 non

611 3121 822 3186 desint
850 3125 911 3202 ⁰).
1000 3122 1127 3208 jam
1172 3119 1344 3207 quod
1378 3119 1695 3185 Sanctitas
1728 3117 1861 3184 Sua
1903 3121 2188 3205 utrisque
2233 3121 2428 3184 sacris
2476 3118 2962 3204 imperatoribus
2994 3116 3252 3183 Romam·
3270 3129 3329 3184 25

610 3229 857 3315 imperii
903 3228 1295 3314 principibus
1342 3226 1723 3291 electoribus
1771 3249 1846 3291 ac
1876 3226 2311 3312 potentatibus
2343 3225 2425 3291 ad
2471 3226 2592 3291 hoc
2638 3227 2962 3311 requisitis
3009 3248 3083 3290 ac
3113 3245 3251 3288 con-

610 3336 1026 3400 sentientibus
1086 3336 1151 3398 in
1209 3336 1297 3400 rei
1356 3334 1649 3422 publicae
1709 3332 2087 3398 christianae
2146 3331 2659 3397 commoditatem
2717 3354 2990 3417 vergens
3046 3330 3248 3396 divino

612 3443 808 3508 verbo
839 3465 914 3507 ac
948 3443 1277 3526 evangelio
1308 3465 1436 3507 non
1466 3440 1798 3506 dissonum
1829 3439 2235 3505 statuendum
2268 3438 2540 3519 duxerit,
2570 3440 3043 3527 promptissimo
3073 3436 3248 3503 animi

611 3548 871 3615 adfectu
918 3551 1197 3635 excipiet
1240 3548 1575 3613 ratificabit
1630 3548 1928 3633 omnique
1987 3545 2245 3611 tandem
2291 3555 2522 3611 conatu
2567 3555 2868 3632 tanquam
2913 3546 3253 3631 obsequen-

610 3658 892 3722 tissimus
947 3656 1112 3721 filius
1172 3653 1603 3742 promovebit,
1661 3676 1787 3741 quo
1835 3654 2123 3719 officioso
2183 3656 2392 3719 animo
2447 3653 2783 3719 Sanctitati
2830 3652 2962 3719 Sue
3009 3676 3078 3720 se
3120 3663 3327 3739 per-30
3445 3740 3446 3749 ἵ

611 3772 806 3850 petuo
853 3761 1361 3829 commendatum
1409 3764 1589 3850 cupit
1632 3784 1707 3827 ac
1752 3770 2042 3826 testatur.

353 3889 495 3946 Nov.
532 3894 594 3946 11
792 3890 1029 3954 Actum
1105 3887 1408 3953 Coloniae
1484 3889 1575 3952 cis
1653 3886 1964 3973 Sprevam
2041 3888 2180 3973 ipsa
2248 3885 2352 3951 die
2429 3885 2561 3950 divi
2639 3884 2902 3950 Martini
2982 3881 3248 3971 episcopi

613 4018 776 4062 anno
829 4006 930 4065 35.

353 4248 496 4307 Νῦν·
531 4251 602 4306 13
618 4246 775 4318 218.
882 4245 1166 4330 Veryerio
1209 4268 1297 4311 an
1328 4244 1668 4310 Ricaloati:
1715 4245 2144 4328 Beyriixmluny
2173 4245 2372 4309 semes
2412 4241 2842 4308 Entschlusses
2889 4243 2958 4307 in
3005 4243 3251 4309 Wmen-

615 4356 752 4437 bery
795 4355 1088 4439 Quartier
1130 4375 1212 4419 zu
1257 4353 1526 4417 machen.
1604 4353 2168 4417 Zuvmkomnmzde
2200 4351 2558 4433 Aufnahme
2603 4350 2865 4415 daselbst
2910 4350 3102 4414 durch
3143 4348 3252 4411 den
3268 4352 3328 4409 35
3445 4358 3446 4419 ᾗ

753 4624 794 4673 ι)
835 4621 999 4675 Vorlaae
1025 4621 1213 4663 totiden.

752 4696 797 4744 b)
836 4693 996 4744 Varum
1022 4704 1164 4743 quem.

752 4768 793 4818 c)
833 4764 990 4816 vav-layo
1016 4763 1199 4805 deerint.
