3500 5300
1178 338 1275 397 No.
1315 343 1411 397 62:
1451 342 1589 398 1534
1625 336 1856 407 Februar
1893 342 1979 398 14.
2810 342 2912 404 181

251 534 463 602 debba
510 558 716 602 essere
760 539 1072 623 eseguita,
1132 536 1178 602 il
1223 536 1339 603 8118
1385 560 1513 603 11011
1575 538 1627 603 81
1673 538 1947 625 potendo
2004 539 2140 604 fare
2185 560 2374 605 senza
2431 539 2476 604 il
2535 539 2789 608 braccio
2847 542 2912 608 di
2983 545 3121 597 1534

251 642 484 709 Cesare
530 652 596 713 et
638 645 1166 732 appartenendosi
1211 668 1251 709 a
1295 645 1427 711 Sua
1470 645 1747 729 Maesta,
1796 668 1921 711 non
1968 668 2153 712 meno
2200 669 2315 733 per
2357 646 2402 712 il
2446 648 2646 734 grado
2693 657 2756 714 et
2796 671 2914 736 per
2930 614 3074 668 ΡΜ·
3110 618 3178 668 14

247 748 292 814 il
334 773 528 817 nome
575 750 691 817 che
735 753 919 837 tiene,
966 751 1083 818 che
1127 775 1242 839 per
1284 751 1624 818 l'interesse
1667 752 2047 840 particolare
2088 753 2205 819 che
2249 753 2334 819 ha
2377 757 2442 820 in
2475 754 2564 820 tal
2609 777 2803 820 causa
2846 756 2913 821 di

247 857 538 923 assistere
606 859 673 922 in
729 859 826 924 cio
883 881 925 924 a
978 857 1110 925 Sua
1170 858 1602 942 Beatitudim,
1670 858 1880 947 quella
1937 859 2020 924 ha
2089 860 2418 946 disegnato
2487 862 2757 927 mandar
2824 886 2912 927 un

197 970 230 1025 5
248 964 471 1029 nuntio
517 966 585 1030 in
632 965 890 1052 Spagna
933 988 975 1031 a
1020 973 1239 1054 questo
1284 966 1498 1032 effetto
1512 1015 1530 1047 ‚
1593 966 1735 1032 dico
1781 989 1898 1054 per
1940 968 2251 1032 ricercare
2296 967 2427 1034 Sua
2470 968 2720 1034 Maesta
2776 969 2910 1052 che,

247 1071 503 1157 quando
567 1074 662 1138 sia
719 1072 871 1138 data
927 1071 989 1138 la
1046 1074 1354 1139 sententia
1370 1123 1389 1157 ,
1457 1071 1636 1160 piglii
1707 1072 2009 1139 l'assunto
2078 1073 2144 1138 di
2212 1074 2536 1161 eseguirla.
2627 1075 2675 1140 il
2741 1076 2911 1142 detto

247 1180 469 1244 nuntio
516 1180 761 1266 partita
803 1181 900 1246 fia
943 1179 1131 1267 pochi
1174 1182 1378 1267 giomi
1424 1188 1486 1246 et
1531 1182 1598 1245 in
1644 1189 1864 1268 questo
1909 1204 2125 1247 mezzo
2170 1204 2296 1247 non
2343 1183 2824 1248 s'intermettera
2867 1182 2912 1249 il

245 1286 592 1371 procedere
637 1288 704 1350 in
750 1286 813 1351 la
856 1309 1067 1370 causa,
1115 1287 1385 1353 secondo
1432 1286 1477 1351 li
1523 1286 1724 1353 debiti
1772 1290 2045 1372 termini,
2094 1288 2472 1355 confidando
2503 1289 2635 1356 Sua
2664 1290 2912 1357 Santita

247 1391 362 1458 che
408 1393 543 1459 Sua
588 1393 835 1459 Maesta
878 1416 1006 1459 non
1052 1396 1146 1459 sia
1189 1417 1303 1483 per
1347 1416 1646 1460 mancare
1698 1394 1768 1460 di
1812 1396 1911 1460 far
1955 1396 2036 1460 118
2088 1396 2157 1460 111
2202 1404 2422 1484 questo
2487 1398 2569 1462 ne
2625 1399 2691 1462 in
2750 1397 2909 1464 altro

169 1508 231 1560 10
247 1499 455 1586 quello
503 1500 622 1566 che
667 1500 712 1565 11
757 1502 1079 1567 conviene.
1171 1501 1234 1567 la
1288 1524 1480 1568 881188
1494 1551 1513 1585 ,
1575 1501 1810 1589 perche
1869 1502 2099 1568 Nostro
2146 1503 2416 1589 Signore
2475 1504 2662 1570 vuele
2706 1528 2909 1571 essere

247 1609 452 1674 sicuro
499 1609 583 1673 de
628 1606 691 1673 la
736 1609 1093 1674 esseutione
1137 1608 1217 1675 de
1261 1608 1323 1674 la
1368 1610 1676 1674 sententia
1693 1660 1710 1693 ,
1771 1632 1895 1675 non
1957 1610 1993 1674 8
2037 1631 2151 1697 per
2210 1609 2372 1675 altro
2433 1611 2549 1676 8118
2604 1634 2720 1699 per
2773 1612 2908 1678 zelo

246 1714 346 1779 del
406 1714 611 1781 honor
657 1715 736 1780 de
793 1714 857 1780 la
914 1716 1151 1781 iustitia
1209 1724 1273 1782 et
1317 1717 1398 1783 de
1442 1716 1757 1781 l'autorita
1817 1716 1897 1781 de
1957 1715 2021 1781 la
2068 1716 2216 1782 sede
2275 1717 2651 1804 apostolica,
2707 1719 2787 1785 de
2843 1719 2908 1785 la

245 1822 430 1910 quale
476 1824 532 1887 si
576 1824 741 1888 faria
787 1830 1010 1910 troppo
1056 1846 1214 1909 gran
1259 1825 1503 1890 iactura
1548 1824 1804 1912 quando
1868 1847 1997 1890 una
2055 1825 2365 1890 sententia
2422 1826 2488 1890 di
2546 1834 2723 1892 tanto
2777 1850 2906 1892 mo-

246 1940 457 1997 mento
495 1953 627 1996 non
671 1932 836 1997 fosse
866 1933 1164 2018 eseguita.
1213 1970 1292 1981 —
1343 1931 1426 1997 ho
1456 1931 1673 1998 voluto
1705 1932 1772 1997 di
1802 1939 1965 1998 tutto
1996 1930 2403 2019 ragguagliar
2433 1933 2510 2000 V.
2546 1933 2628 2018 S„
2674 1934 2906 2021 perche

174 2040 230 2095 15
248 2062 324 2103 ne
380 2061 574 2126 possa
619 2038 847 2104 render
904 2045 1091 2104 conto
1160 2062 1201 2104 a
1268 2046 1507 2105 cotesta
1549 2039 1825 2124 Maesta,
1894 2063 1935 2105 a
2004 2041 2108 2105 cui
2175 2039 2754 2126 ragionevolmente
2819 2040 2906 2108 tal

247 2168 437 2211 causa
483 2168 615 2210 non
660 2145 822 2211 deve
867 2168 1036 2212 esser
1080 2168 1239 2233 poco
1287 2170 1328 2212 a
1371 2169 1580 2213 cuore.

420 2253 527 2318 Fu
573 2254 684 2339 qui
728 2252 772 2317 li
804 2252 873 2317 dl
918 2255 1155 2340 passati
1195 2253 1241 2318 il
1287 2255 1582 2341 capitano
1607 2254 1925 2341 Apponte‚
1971 2252 2016 2318 il
2062 2252 2247 2341 quale
2277 2253 2544 2319 essendo
2589 2261 2751 2318 stato
2796 2277 2904 2320 ex-

248 2361 454 2446 pedito
515 2360 606 2426 da
661 2359 794 2426 Sua
836 2359 1084 2426 Maesta
1127 2360 1401 2426 Cesarea
1459 2383 1578 2426 con
1637 2360 2074 2426 commissione
2135 2360 2201 2426 di
2260 2361 2360 2426 far
2421 2360 2522 2426 nel
2580 2383 2778 2448 regno
2838 2362 2904 2428 di

249 2467 474 2556 Napoli
522 2475 587 2532 et
645 2468 712 2532 in
759 2466 977 2534 Sicilia
1034 2467 1091 2534 18
1149 2467 1360 2534 debite
1416 2469 1763 2555 provisioni
1825 2474 2048 2533 contra
2105 2466 2151 2532 il
2196 2467 2440 2552 Turco,
2500 2467 2905 2535 dubitandosi

171 2572 356 2639 ’208118
399 2597 441 2639 8
488 2584 715 2664 questa
761 2577 1121 2663 primavera
1165 2598 1293 2641 non
1339 2598 1546 2664 venga
1591 2577 1652 2641 ai
1700 2577 1894 2641 dauni
1941 2575 2142 2640 nostri
2185 2576 2252 2639 in
2295 2573 2499 2664 quelle
2544 2574 2774 2656 bande,
2820 2575 2903 2640 ha

249 2683 599 2771 supplicato
657 2682 788 2749 Sua
849 2683 1094 2749 Santita
1149 2684 1217 2748 in
1275 2706 1462 2750 nome
1518 2684 1584 2749 di
1638 2683 1871 2750 Cesare
1930 2683 1996 2749 di
2055 2682 2230 2749 voler
2289 2705 2658 2749 concorrere
2717 2706 2758 2748 a
2814 2683 2903 2749 tal

247 2791 539 2877 impresa,
587 2792 771 2874 onds,
819 2789 1094 2856 sebbene
1139 2790 1348 2878 quella
1408 2793 1463 2856 si
1507 2792 1674 2857 trovi
1718 2798 1783 2856 et
1838 2813 1954 2878 per
2011 2790 2072 2856 le
2118 2812 2296 2877 spese
2354 2791 2507 2856 fatte
2565 2799 2628 2857 et
2689 2814 2804 2879 per
2858 2792 2904 2856 li

248 2899 477 2964 sinistri
525 2897 856 2985 temporali
900 2899 969 2962 in
1015 2905 1194 2964 tanta
1237 2897 1547 2963 difficulta
1605 2906 1669 2963 et
1725 2899 2018 2984 angustia
2075 2898 2139 2962 di
2199 2897 2425 2963 danari
2483 2897 2600 2963 che
2655 2920 2904 2985 appena

247 3008 365 3091 pub
412 3005 665 3093 supplir
706 3028 748 3071 a
790 3005 849 3071 le
897 3028 1073 3094 spese
1118 3028 1229 3071 sue
1288 3006 1686 3094 quotidiam,
1749 3005 2132 3071 nondimeno
2191 3005 2454 3071 essendo
2513 3005 2576 3071 la
2634 3028 2781 3070 cosa
2837 3005 2903 3070 di

171 3109 419 3178 25181118
462 3115 880 3199 importantia
923 3121 986 3179 et
1030 3112 1092 3179 al
1137 3114 1391 3180 servitio
1437 3113 1504 3178 di
1551 3113 1677 3178 Dio
1723 3121 1787 3178 et
1832 3112 1893 3178 al
1938 3111 2064 3178 ben
2121 3112 2376 3200 publico
2424 3112 2675 3178 d'Italia
2730 3120 2794 3178 et
2837 3113 2904 3178 di

247 3219 687 3305 Christianita,
747 3220 831 3287 118
890 3220 1235 3287 deliberato
1296 3223 1570 3287 sforzare
1614 3223 1683 3286 in
1712 3206 1829 3287 ⁴cio
1875 3220 1938 3286 la
1993 3218 2430 3309 impossibilita
2488 3244 2603 3286 sua
2657 3228 2720 3286 et
2772 3223 2901 3286 cosi

247 3327 324 3392 ha
368 3349 695 3416 promesso
741 3329 806 3394 di
851 3352 1100 3394 armare
1149 3340 1184 3396 7
1232 3329 1444 3416 galere
1492 3328 1649 3395 oltre
1694 3328 1816 3394 alle
1861 3336 1956 3394 tre
2003 3351 2113 3394 sue
2159 3328 2476 3394 ordinarie
2537 3336 2599 3393 et
2656 3351 2697 3393 a
2745 3327 2814 3418 ν18
2860 3338 2901 3395 4

246 3435 308 3500 di
351 3435 540 3519 Rodi,
587 3434 704 3500 8118
750 3443 975 3502 stanno
1020 3459 1061 3501 a
1106 3435 1168 3502 la
1213 3436 1618 3524 dispositione
1663 3437 1727 3502 di
1775 3459 1940 3519 essa,
1987 3444 2050 3501 et
2095 3434 2251 3500 oltre
2295 3434 2359 3501 al
2404 3436 2612 3501 carico
2659 3435 2774 3501 che
2819 3434 2902 3502 118

247 3543 308 3607 di
351 3541 673 3630 guardare
717 3549 781 3607 et
824 3542 1149 3608 difendere
1192 3541 1363 3608 l'una
1410 3550 1473 3608 et
1528 3542 1734 3609 l'altra
1780 3544 2027 3608 marina
2070 3540 2171 3606 del
2218 3541 2393 3607 Stato
2439 3540 2899 3608 Ecclesiastico.

172 3662 541 3737 aoappresso
589 3647 674 3714 118
718 3649 1046 3735 disegnato
1091 3650 1156 3715 di
1201 3650 1301 3714 far
1348 3660 1477 3717 300
1507 3650 1737 3715 cavalli
1784 3650 1867 3715 da
1912 3657 2237 3736 potersene
2283 3650 2519 3714 servire
2550 3649 2712 3715 dove
2756 3650 2902 3715 sara

246 3756 306 3821 di
349 3755 637 3843 bisogno.

417 3863 502 3929 Li
546 3864 753 3928 avvisi
799 3863 915 3929 8118
973 3862 1313 3930 habbiamo
1374 3863 1460 3931 da
1505 3862 2050 3951 Constantinopoli
2107 3886 2257 3929 sono
2312 3865 2479 3929 insin
2537 3851 2647 3951 qui
2707 3862 2899 3930 molto

247 3974 399 4038 varii
445 3980 511 4038 et
554 3972 797 4038 incerti.
891 3970 993 4036 8111
1040 3971 1181 4037 (1188
1212 3970 1328 4037 8118
1372 3969 1418 4035 11
1450 3971 1661 4037 Turco
1708 3975 1887 4036 anna
1930 3989 2056 4058 per*
2088 3971 2292 4035 andar
2337 3976 2557 4036 contra
2601 3969 2646 4034 il
2685 3969 2898 4057 Sophi‚

251 4102 362 4146 8011
408 4078 600 4168 quale
643 4080 772 4145 tien
816 4102 1049 4165 guerra
1091 4080 1198 4166 gia
1242 4081 1355 4165 pin
1400 4080 1560 4143 mesi
1605 4100 1794 4162 son03
1854 4077 1955 4144 ehi
2020 4076 2136 4144 che
2181 4077 2265 4142 ha
2308 4078 2466 4144 fatto
2512 4085 2735 4165 tregua
2779 4101 2898 4144 con

175 4185 331 4253 361111
374 4198 440 4252 et
485 4185 604 4253 8118
647 4185 836 4251 vuole
879 4186 1099 4251 venire
1145 4210 1185 4251 a
1228 4186 1291 4251 la
1337 4185 1508 4251 volta
1551 4196 1783 4251 nostra.
1875 4186 1940 4250 in
1987 4193 2209 4273 questa
2252 4184 2602 4272 ambiguita
2658 4207 2786 4250 non
2846 4187 2898 4250 si

249 4317 416 4362 88888
459 4294 615 4382 pero
661 4294 729 4358 di
774 4293 908 4358 fare
953 4293 1011 4358 le
1055 4291 1265 4358 debite
1309 4295 1671 4380 provisioni,
1717 4294 1995 4358 maxime
2040 4292 2365 4358 tenendosi
2407 4315 2521 4380 per
2566 4299 2735 4358 certo
2782 4292 2898 4358 8118

250 4402 492 4468 almeno
537 4401 626 4466 da
670 4401 907 4466 corsari
953 4401 1156 4488 questi
1202 4403 1364 4465 mari
1421 4399 1740 4466 habbiano
1802 4401 1886 4466 ad
1944 4422 2148 4465 essere
2202 4407 2421 4487 questo
2478 4422 2647 4465 anno
2704 4399 2897 4466 molto
2960 4456 2964 4461 .

251 4510 536 4590 infestati,
583 4516 649 4574 et
693 4507 810 4573 che
855 4507 1247 4573 Barbarossa
1277 4505 1512 4574 habbia
1558 4530 1598 4572 8
1642 4529 1811 4572 88881·
1855 4505 1901 4571 11
1945 4529 2105 4593 capo
2151 4506 2230 4572 de
2261 4505 2593 4593 l’impresa,
2638 4508 2897 4572 insieme

184 4616 345 4784 4οὓοι
385 4617 789 4795 Gggdcegtesta
831 4724 1077 4789 Maesta
1120 4725 1174 4789 si
1220 4723 1462 4790 dolesse
1507 4746 1626 4789 eon
1673 4723 1749 4788 V.
1800 4723 1860 4789 S.
1954 4722 2071 4787 che
2131 4722 2175 4786 il
2234 4743 2506 4788 vescovo
2565 4719 2631 4786 di
2677 4718 2895 4788 Veruli
