3500 5300
511 314 620 380 550
1229 316 1329 375 No.
1366 320 1677 375 2‘20-2212
1716 319 1854 375 1535
1891 315 2180 374 November
2217 282 2459 375 18.-2o.

308 524 443 574 1535
512 514 924 582 sanctitatem
972 514 1124 580 nihil
1172 514 1528 603 hujusmodi
1578 525 1749 580 tanto
1796 526 1859 580 et
1904 525 2035 580 tam
2082 514 2247 580 bono
2292 516 2563 602 principi
2594 522 2965 601 negaturam
3013 538 3171 580 esse.

251 592 389 647 ΝΜ·
428 595 496 645 18
513 624 734 710 scripsi
780 631 989 687 tamen
1035 622 1120 687 ad
1149 624 1418 688 eundem
1451 623 1779 688 dominum
1808 625 2198 710 prepositum
2232 622 2656 687 Perlinensem
2689 623 2842 709 quid
2876 645 3174 687 censeam

512 753 629 816 ego
687 730 767 795 de
828 728 1050 795 scribis
1114 729 1232 794 illis
1292 731 1399 817 qui
1459 730 1696 796 Romae
1757 739 1945 812 sunt;
2013 730 2122 794 sed
2183 730 2391 816 quoad
2450 752 2550 794 me
2608 732 2872 810 attinet,
2942 730 3176 794 Vestra

513 838 859 919 serenitas,
928 837 1031 902 cui
1097 860 1199 902 mc
1265 859 1349 902 ex
1407 839 1617 902 animo
1681 837 2007 919 comendo,
2068 839 2350 923 percepit
2407 838 2601 901 animi
2656 839 2779 902 mei
2840 839 2905 901 in
2966 859 3045 901 ea
3099 859 3175 900 re

514 942 902 1010 voluntatem
949 952 1012 1008 et
1055 942 1510 1009 liberalitatem.
3230 959 3266 1011 5

691 1050 1005 1138 Cuperem
1078 1057 1145 1116 ut
1211 1050 1360 1116 huic
1425 1051 1546 1136 ipsi
1602 1052 1834 1115 nuncio
1904 1073 2043 1115 meo
2097 1072 2468 1137 responsum
2529 1051 2787 1116 daretur
2858 1050 3036 1137 quod
3103 1052 3175 1113 in

515 1157 763 1243 scriptis
830 1155 982 1221 mibi
1050 1157 1116 1221 in
1176 1158 1441 1222 materia
1509 1156 1760 1222 concilii
1819 1157 2099 1222 dandum
2146 1166 2283 1222 erat
2314 1159 2383 1244 ¹),
2453 1165 2516 1223 et
2589 1155 2952 1244 exemplum
3015 1156 3176 1221 illud

512 1264 837 1329 literarum
906 1264 970 1328 in
1044 1285 1235 1329 causa
1303 1265 1469 1349 regis
1529 1262 1835 1349 Angliae3
1903 1287 2046 1328 nam
2109 1266 2321 1329 omnia
2378 1264 2647 1330 fideliter
2712 1264 2796 1328 ad
2867 1287 2971 1329 me
3039 1265 3178 1351 ipse

517 1372 804 1457 perferet.

247 1482 387 1539 Nov.
429 1486 498 1537 18
700 1485 779 1544 18
828 1476 1187 1543 novembris
1218 1479 1271 1564 2)
1317 1500 1399 1543 ex
1448 1476 1712 1542 Dresda.
3203 1495 3272 1546 10

244 1734 386 1789 Nov-
420 1737 499 1789 20
517 1727 674 1795 221.
782 1728 1067 1809 Veryerio
1110 1749 1199 1792 an
1246 1727 1555 1791 Ricalcati
1568 1748 1589 1791 .·
1642 1727 2105 1809 Genuqthuuny
2149 1726 2254 1791 fles
2303 1726 2588 1791 Nuntius
2631 1728 2780 1792 iiber
2823 1728 2925 1792 die
2965 1727 3178 1810 yliiok-

515 1835 667 1899 liche
698 1833 1196 1916 Mrchfilhruny
1239 1836 1441 1898 seiner
1481 1835 1667 1898 Reise
1680 1856 1702 1912 ‚·
1747 1834 1915 1899 latete
1964 1832 2512 1915 Verhandlunyem
2557 1833 2805 1917 Er‘folqe
2850 1835 2945 1898 bei
2975 1834 3176 1915 Kurf.

515 1941 801 2007 Joachim
845 1962 963 2005 von
1010 1941 1484 2023 Brandenbury,
1529 1941 1638 2005 der
1680 1941 1844 2019 aber,
1907 1941 2015 2004 der
2061 1940 2479 2022 Einwirkuny
2522 1942 2722 2004 seiner
2767 1941 3180 2006 zucker—iscam

516 2049 759 2113 Mutter
786 2052 1138 2129 ausyasetzt,
1184 2049 1318 2112 eine
1362 2048 1710 2129 bestiindiqe
1748 2047 1986 2127 Gefahr
2027 2048 2137 2127 fiir
2181 2047 2281 2110 die
2305 2052 2449 2128 quie
2479 2046 2674 2111 Saehe
2717 2047 2909 2112 bleibt.
2989 2048 3182 2112 Auch

516 2155 742 2219 andere
795 2154 1317 2234 Gesichtspunkte‚
1376 2175 1426 2218 z.
1477 2154 1559 2218 B.
1629 2155 1728 2218 die
1793 2153 2190 2235 weitqelaende
2248 2153 2788 2234 Umuth‘edenheit
2854 2157 2972 2219 mit
3038 2155 3179 2220 dem
3201 2169 3274 2223 15

520 2261 752 2325 Kaiser
807 2262 880 2324 in
924 2260 1350 2325 Dent-schlam
1360 2311 1377 2338 ,
1446 2260 1701 2324 „mahen
1768 2261 1868 2324 die
1912 2264 2310 2342 unqesctumte
2355 2260 2714 2343 Abhaltuny
2772 2262 2878 2325 des
2930 2261 3181 2327 CondLs

515 2389 632 2432 zur
680 2367 1216 2449 Nothwendiykeit,
1261 2388 1441 2431 wenn
1483 2367 1654 2431 nicht
1697 2367 1847 2431 alles
1891 2367 2112 2430 wieder
2155 2367 2229 2430 in
2259 2367 2464 2448 Raye
2502 2367 2730 2449 yestellt
2773 2369 3018 2432 werden
3047 2368 3177 2433 soll.

518 2473 774 2538 Absicht
818 2474 921 2537 des
970 2474 1253 2537 Nuntius
1295 2473 1382 2538 K.
1430 2474 1801 2538 Ferdinand
1847 2475 1914 2537 in
1961 2473 2269 2555 Presbury
2313 2473 2748 2553 aufzusuchen.
2843 2474 3020 2540 Biue
3065 2498 3180 2539 um

519 2580 1081 2646 Subsistenzmittel.
1171 2583 1335 2646 1535
1382 2581 1714 2645 Nmaeember
1758 2583 1846 2646 20
1894 2580 2079 2664 Pray.

731 2725 854 2779 Aue
888 2725 1045 2792 Rern,
1083 2724 1232 2779 Bibl.
1276 2724 1398 2779 Vat.
1436 2723 1568 2779 eod.
1612 2725 1731 2779 Vat.
1772 2724 1916 2779 3914
1949 2723 2043 2778 fol.
2081 2725 2186 2778 273
2202 2724 2445 2778 2—275·
2481 2726 2608 2793 Cop.
2647 2741 2819 2781 coaev.
3201 2736 3283 2790 20

696 2848 769 2914 Io
815 2871 968 2914 sono
1013 2850 1078 2913 in
1125 2848 1250 2914 fine
1294 2847 1397 2913 del
1442 2850 1695 2936 viaggio
1741 2849 1868 2914 mio
1925 2870 2045 2913 con
2098 2847 2311 2914 l’aiuto
2355 2848 2436 2914 de
2480 2848 2636 2915 Jesu
2683 2848 2934 2915 Christo
2979 2863 3044 2915 et
3087 2852 3182 2915 mi

520 2954 791 3021 mancha
835 2978 875 3020 a
921 2956 1215 3043 negociar
1245 2977 1365 3021 con
1412 2978 1498 3019 un
1544 2955 1674 3021 solo
1720 2956 2004 3043 principe
2045 2955 2160 3020 che
2205 2956 2460 3043 importi
2487 2956 2561 3045 ³),
2608 2963 2670 3021 et
2713 2979 2898 3043 posso
2944 2959 3011 3022 in
3043 2967 3178 3024 otto

519 3064 725 3151 giorni
784 3065 1158 3128 ritrovarme
1215 3063 1277 3126 in
1326 3062 1591 3127 Vienna.
1683 3060 1940 3127 baverei
2000 3061 2120 3127 ben
2184 3070 2406 3149 potuto
2465 3062 2624 3128 farlo
2684 3065 2797 3150 piu
2854 3071 3067 3152 presto
3112 3074 3182 3131 et

520 3169 786 3236 schifare
829 3169 1059 3235 fatiche
1104 3192 1282 3256 spese
1339 3177 1401 3234 et
1458 3167 1717 3256 pericoli
1733 3220 1751 3252 ,
1814 3169 2163 3234 troncando
2208 3169 2415 3234 almen
2461 3177 2683 3256 questa
2727 3168 2951 3236 ultima
2992 3181 3179 3260 parte

520 3277 587 3342 di
633 3277 880 3341 camino
925 3275 1042 3341 che
1087 3275 1167 3341 bo
1214 3277 1370 3341 fatto
1417 3278 1597 3363 quasi
1643 3275 1770 3341 fino
1815 3275 1916 3340 all’
1965 3276 2220 3341 Oceano
2266 3275 2563 3363 glaciale,
2622 3279 3015 3364 monsignor,
3061 3289 3272 3366 per25

522 3383 729 3449 freddi
769 3381 1122 3448 incredibili
1169 3390 1232 3448 et
1274 3405 1389 3470 per
1432 3382 1670 3449 heresie
1714 3394 1779 3448 et
1826 3392 2029 3469 peste3
2091 3405 2198 3446 ma
2256 3406 2379 3447 non
2429 3382 2602 3448 harei
2663 3385 2819 3449 fatto
2868 3384 3012 3472 quel
3059 3386 3177 3452 ebe

522 3491 609 3555 mi
654 3511 848 3577 parea
905 3492 1206 3554 convenit·
1263 3489 1386 3554 alla
1442 3489 1679 3578 qualita
1735 3489 1902 3555 della
1961 3491 2223 3555 materia
2279 3501 2341 3555 et
2399 3490 2463 3554 di
2521 3492 2722 3577 questi
2781 3492 3066 3558 intelletti
3113 3503 3176 3559 et

523 3596 639 3662 che
682 3595 745 3661 la
789 3597 1171 3661 conscientia
1228 3598 1315 3661 mi
1374 3598 1712 3663 stimulava
1772 3620 1811 3662 a
1856 3598 1989 3661 sare
2048 3598 2112 3662 in
2162 3620 2287 3662 una
2348 3620 2540 3662 causa
2597 3605 2773 3662 tanto
2830 3599 3066 3683 ardua,
3113 3598 3176 3663 la

524 3702 672 3792 qual
715 3702 944 3768 Nostro
992 3703 1255 3789 Signore
1302 3703 1505 3769 havea
1550 3713 1835 3791 resposta
1883 3727 1953 3768 su
2003 3702 2059 3768 le
2107 3702 2301 3791 spalle
2347 3713 2410 3769 et
2455 3728 2525 3768 su
2574 3702 2831 3769 l'anima
2876 3707 3020 3770 mia.
3112 3715 3176 3772 et

524 3818 743 3898 questo
790 3811 827 3875 e
869 3833 1029 3897 gran
1085 3808 1538 3893 consolatione,
1604 3810 1718 3876 cbe
1778 3809 1859 3875 bo
1918 3809 2018 3875 nel
2076 3811 2285 3875 animo
2299 3860 2316 3891 ,
2375 3809 2492 3875 che
2550 3833 2663 3897 per
2707 3820 2879 3876 certo
2926 3813 3016 3876 mi
3059 3822 3273 3877 sonao

525 3917 940 4004 consapevole
985 3918 1051 3982 di
1096 3940 1222 3983 non
1263 3917 1496 3983 havere
1541 3920 1606 3982 in
1641 3926 1862 4004 questa
1905 3920 2179 4005 impresa
2224 3918 2483 3983 laseiato
2516 3940 2664 3983 cosa
2711 3917 2959 4001 alcuna,
3004 3917 3174 3983 dalla

524 4024 710 4113 quale
768 4026 829 4090 io
887 4023 1147 4089 havesse
1204 4032 1422 4112 potuto
1482 4026 1876 4108 existimare,
1936 4047 2051 4111 per
2111 4034 2344 4112 quanto
2403 4034 2584 4111 porta
2643 4024 2706 4089 la
2763 4025 3027 4091 debilita
3071 4024 3170 4089 del

524 4132 756 4198 iudicio
803 4133 947 4214 mi0,
995 4133 1349 4197 necessaria
1394 4154 1433 4196 a
1478 4133 1627 4197 fare.

674 4346 714 4417 ¹)
754 4347 854 4401 Nr.
892 4350 1018 4402 217.

670 4436 714 4506 ')
757 4437 836 4491 Ob
874 4436 976 4490 das
1011 4436 1299 4501 (vielzeicht
1344 4439 1533 4504 spiiter
1578 4433 2027 4506 hinzuyesuytess)
2076 4435 2291 4491 Datum
2325 4435 2627 4502 zutreffend
2663 4432 2780 4490 ist?
2852 4436 2998 4491 Man
3031 4435 3165 4491 siclt&
3182 4436 3274 4493 35

526 4526 694 4593 m'cht,
732 4526 964 4581 weshalb
1012 4525 1264 4595 Verqen'o
1300 4527 1363 4579 in
1401 4524 1680 4591 Drasdea,
1728 4543 1810 4579 wo
1846 4543 1903 4580 er
1938 4527 2104 4580 sehon
2150 4544 2240 4580 am
2275 4529 2356 4578 13.
2395 4526 2492 4592 ἐπ’,
2539 4541 2600 4579 so
2645 4526 2807 4594 lanyc
2842 4525 3164 4591 Aufenthalt

522 4616 769 4685 yemacht
807 4615 981 4669 haben
1016 4616 1203 4683 sollte;
1238 4615 1383 4669 auch
1418 4615 1647 4669 schreibt
1686 4633 1742 4668 er
1781 4615 1971 4669 bereiis
2008 4632 2097 4667 am
2131 4619 2225 4669 20.
2262 4631 2369 4669 von
2403 4614 2555 4683 Praq
2591 4631 2712 4669 aus.

672 4703 716 4779 ³)
762 4703 1005 4758 Gemeint
1042 4705 1116 4759 ist
1154 4703 1252 4758 der
1288 4703 1562 4770 Kurt'first
1599 4722 1705 4758 von
1743 4702 1996 4773 sachsen,
2034 4720 2074 4758 8.
2115 4722 2198 4757 nr.
2236 4708 2359 4759 222.
