3500 5300
1207 322 1305 377 No.
1350 323 1479 377 153:
1519 323 1657 378 1535
1692 322 1802 377 Mai
1837 322 1924 377 20.
2795 317 2903 378 898

237 518 438 601 fieret,
484 520 635 606 quia
679 519 866 582 nimis
911 518 1182 583 infectae
1217 519 1357 604 jam
1403 526 1609 583 essent
1652 540 1869 583 omnes
1916 519 2236 602 civitates3
2281 520 2493 605 itaque
2539 518 2726 604 plane
2772 540 2898 582 non
2974 520 3113 571 1535

236 649 520 691 essemus
566 627 685 691 tuti
730 624 811 690 ab
859 627 1098 712 impetu
1144 634 1207 690 et
1250 624 1427 691 rabie
1471 624 1868 712 populorum.
2921 591 3047 648 Mai
3082 599 3160 649 20

423 732 509 798 Et
556 756 751 797 unum
797 732 967 797 aliud
1002 731 1329 798 consilium
1385 731 1578 816 dedit,
1626 731 1797 819 quod
1842 732 1995 797 mihi
2039 733 2295 820 quidem
2340 734 2406 796 in
2451 739 2629 819 parte
2675 731 2899 818 placet,

236 849 303 906 et
348 842 474 906 iam
524 841 745 927 scripsi
788 839 944 905 illud
991 840 1074 905 ad
1117 839 1478 926 pontificem
1513 844 1594 922 ¹):
1640 839 1856 927 aliqua
1901 846 2067 922 sunt,
2115 838 2387 923 dicebat,
2433 841 2499 904 in
2530 838 2655 904 fide
2685 845 2902 904 nostra

184 958 218 1010 5
237 970 405 1034 quae
450 949 514 1012 in
561 949 775 1012 futuro
834 947 1097 1013 concilio
1158 955 1327 1013 certe
1388 946 1713 1013 debebunt
1771 946 1940 1031 tolli,
2008 947 2159 1034 quia
2226 969 2450 1012 revera
2517 969 2642 1011 non
2691 948 2902 1011 omnia

236 1063 389 1120 sunt
432 1053 775 1137 laudanda,
823 1053 1065 1141 ajebat,
1113 1077 1190 1120 ea
1235 1077 1399 1142 quae
1458 1076 1572 1120 nos
1618 1053 1927 1120 Catholici
1974 1053 2399 1120 observamus.
2491 1055 2703 1141 itaque
2746 1076 2898 1140 pon·

237 1163 398 1227 tifex
445 1160 704 1227 deberet
748 1184 921 1227 nunc
966 1163 1245 1249 incipere
1287 1163 1424 1249 ipse
1470 1163 1606 1227 sine
1653 1161 1919 1227 concilio
1965 1169 2028 1227 et
2084 1170 2332 1226 mutare
2378 1161 2609 1248 aliqua,
2656 1163 2804 1248 quia
2850 1162 2902 1225 si

237 1268 361 1335 hoc
403 1277 625 1356 postea
668 1271 1028 1356 perveniret
1086 1270 1169 1334 ad
1229 1292 1413 1335 aures
1459 1269 1997 1352 Lutheranorum‚
2058 1271 2409 1356 inciperent
2453 1290 2708 1355 sperare
2754 1290 2899 1332 con-

239 1377 525 1442 cordiam
549 1377 869 1443 mediante
912 1377 1126 1442 futuro
1151 1376 1414 1442 concilio
1461 1385 1523 1442 et
1568 1379 1657 1442 sic
1681 1385 1890 1442 essent
1933 1376 2243 1441 faciliores
2274 1376 2358 1441 ad
2383 1374 2899 1442 consentiendum

159 1493 222 1547 10
239 1484 412 1572 quod
458 1484 639 1549 fieret
681 1486 874 1549 etiam
919 1482 1073 1549 alibi
1119 1507 1310 1571 quam
1356 1485 1423 1548 in
1468 1484 1677 1550 media
1721 1484 2071 1550 Germania
2127 1491 2190 1549 et
2244 1484 2413 1571 quod
2459 1483 2636 1549 fieret
2680 1505 2898 1548 secun·

240 1591 393 1657 dum
439 1593 769 1678 antiquam
813 1591 1350 1657 consuetudinem

417 1698 600 1763 Istud
662 1699 936 1785 primum
993 1698 1475 1763 fundamentum
1537 1698 1703 1764 Suae
1748 1698 1903 1763 Rev.
1965 1665 2433 1763 Dominationis
2501 1704 2597 1762 est
2663 1697 2900 1762 bonum

241 1805 565 1888 hactenus,
612 1805 677 1868 id
708 1811 803 1870 est
831 1805 999 1893 quod
1031 1805 1215 1870 detur
1245 1804 1622 1870 Lutheranis
1652 1806 1862 1893 aliquo
1906 1807 2074 1871 facto
2121 1828 2264 1893 spes
2296 1805 2706 1888 concordiae3
2753 1806 2903 1892 quia

243 1914 295 1976 si
339 1910 693 1999 sperabunt
737 1912 1139 1978 concordiam
1183 1914 1411 1999 ipsam,
1458 1904 1756 1978 libentius
1805 1914 2059 1979 venient
2103 1912 2188 1978 ad
2233 1913 2563 1977 Mantuam
2609 1934 2800 1999 quam
2848 1914 2899 1975 si

162 2027 226 2080 15
248 2019 573 2085 debebunt
619 2021 837 2084 venire
879 2019 963 2083 ad
1010 2042 1263 2084 severas
1310 2019 1768 2106 disputationes
1814 2019 1894 2084 de
1923 2019 2186 2086 articulo
2233 2022 2298 2084 in
2344 2018 2625 2084 articulo,
2715 2026 2778 2083 et
2808 2025 2901 2083 est

243 2125 480 2192 bonum
527 2126 716 2192 etiam
761 2128 827 2190 in
874 2126 992 2191 hoc
1040 2125 1209 2214 quod
1255 2149 1425 2214 papa
1471 2125 1731 2193 deberet
1793 2127 2048 2214 quidem
2108 2134 2255 2192 ante
2315 2126 2648 2192 concilium
2710 2127 2898 2191 corri-

245 2256 388 2320 gere
435 2232 635 2298 multa
680 2255 845 2321 quae
891 2242 1059 2298 certe
1105 2257 1231 2299 non
1280 2244 1426 2298 sunt
1471 2232 1820 2299 laudabilia
1865 2236 1930 2299 in
1976 2234 2102 2298 fide
2133 2243 2380 2317 nostra3
2425 2241 2488 2299 et
2515 2232 2727 2321 placet
2757 2233 2898 2297 dico

245 2340 397 2405 mihi
442 2343 508 2404 in
557 2339 652 2404 his
697 2339 947 2405 duobus
976 2343 1245 2427 punctis,
1290 2342 1482 2405 immo
1528 2341 1647 2406 hoc
1691 2344 1899 2428 ipsum
1945 2349 2039 2407 est
2081 2342 2253 2429 quod
2283 2364 2400 2427 ego
2430 2363 2654 2427 nuper,
2703 2363 2898 2427 quum

247 2470 441 2512 essem
489 2447 745 2532 Romae,
793 2446 1254 2534 persuadebam
1298 2447 1583 2534 pontifici
1628 2456 1699 2513 ut
1742 2449 1994 2513 faceret.
2086 2471 2306 2513 verum
2352 2448 2509 2513 illud
2555 2448 2724 2535 quod
2771 2470 2899 2511 non

167 2553 513 2640 mplacet
496 2578 562 2618 m
621 2555 879 2619 consilio
938 2554 1402 2620 Dominationis
1460 2555 1625 2621 Suae
1672 2555 1825 2620 Rev.
1884 2555 2004 2620 hoc
2060 2558 2269 2643 ipsum
2314 2564 2442 2629 est·
2500 2553 2900 2641 exprimebat

248 2664 407 2728 enim
466 2684 781 2750 quaenam
842 2663 950 2727 illa
1008 2674 1156 2728 sunt
1215 2685 1380 2751 quae
1425 2685 1597 2750 papa
1642 2663 1901 2729 deberet
1943 2665 2130 2729 modo
2177 2664 2391 2729 tollere
2436 2665 2569 2728 sine
2614 2664 2896 2731 concilio

249 2778 305 2834 et
357 2770 635 2856 primum
696 2768 948 2834 dicebat
1005 2778 1077 2834 ut
1133 2772 1426 2835 comunio
1488 2769 1605 2835 sub
1652 2779 1921 2859 utraque
1975 2794 2101 2835 non
2147 2770 2615 2858 prohiberetur3
2676 2791 2897 2835 secun-

250 2876 393 2942 dum
440 2876 606 2964 quod
658 2884 957 2964 precepta
1003 2885 1519 2943 converterentur
1562 2879 1628 2942 in
1673 2879 2176 2965 persuasionem,
2238 2881 2400 2943 sicut
2456 2886 2549 2942 est
2590 2880 2897 2966 jeiunium

257 2983 796 3071 quadragesimale
852 2991 1000 3068 etc.;
1064 2986 1326 3049 tercium
1384 2985 1554 3072 quod
1615 2985 1872 3050 traditio
1929 3008 2100 3050 mere
2158 2986 2434 3050 humana
2487 3008 2614 3050 non
2660 2985 2900 3072 legaret

168 3097 236 3151 25
252 3090 362 3156 sub
406 3114 573 3178 pena
618 3092 859 3178 peceati
918 3091 1215 3156 mortalis.
1306 3093 1426 3157 ista
1469 3094 1728 3180 inquam
1782 3100 1929 3157 sunt
1986 3095 2172 3157 nimis
2229 3116 2464 3180 magna
2521 3116 2685 3181 quae
2730 3093 2898 3158 solus

251 3220 412 3286 papa
457 3197 637 3264 tollat
681 3199 815 3263 sine
858 3200 1232 3264 auctoritate
1278 3198 1527 3265 concilii
1572 3206 1635 3264 et
1680 3208 1843 3265 esset
1905 3223 2050 3265 cum
2109 3223 2340 3287 magno
2399 3200 2789 3288 praejudicio
2836 3207 2898 3264 et

251 3313 409 3371 certe
454 3307 591 3370 sine
636 3303 872 3370 honore
918 3304 1251 3390 ecclesiae3
1296 3308 1491 3371 immo
1539 3306 1913 3372 crediderim
1960 3307 2129 3396 quod
2176 3330 2347 3395 papa
2393 3331 2522 3373 non
2568 3314 2775 3395 posset
2820 3330 2897 3372 ea

252 3411 407 3477 solus
453 3414 680 3479 facere.
774 3411 936 3478 bene
980 3411 1305 3478 laudarem
1374 3436 1491 3499 ego
1559 3413 1727 3501 quod
1791 3413 1918 3479 Sua
1968 3414 2279 3481 Sanctitas
2344 3414 2530 3481 valde
2598 3418 2897 3480 severiter

251 3518 483 3585 tolleret
528 3542 700 3584 nune
747 3519 983 3584 abusus
1027 3528 1091 3585 et
1134 3519 1333 3585 malos
1377 3544 1608 3597 moreS‚
1672 3523 1780 3609 qui
1840 3529 1986 3586 sunt
2043 3530 2212 3587 certe
2275 3521 2454 3587 multi
2510 3524 2576 3586 in
2623 3522 2895 3609 prelatis,

171 3632 309 3690 30et
348 3626 625 3692 breviter
668 3628 881 3692 omnia
926 3649 1003 3693 ea
1049 3650 1211 3715 quae
1268 3629 1401 3715 ipse
1463 3627 1629 3692 solus
1687 3637 1892 3715 potest
1947 3629 2154 3694 facere
2214 3632 2345 3694 sine
2403 3629 2752 3716 prejudicio
2798 3654 2896 3695 ec-

254 3731 493 3819 clesiae3
557 3755 704 3798 nam
750 3733 870 3799 hoc
915 3742 1079 3799 esset
1123 3735 1276 3799 dare
1322 3757 1497 3822 spem
1544 3736 1918 3801 concordiae
1962 3738 2027 3800 in
2076 3735 2356 3801 concili0.
2449 3744 2658 3801 tamen
2707 3738 2895 3802 credo

254 3840 412 3926 quod
458 3842 595 3927 ipse
640 3840 795 3905 Rev.
843 3841 1138 3906 dominus
1183 3843 1513 3930 episeopus
1560 3851 2039 3908 commoveatur
2083 3843 2250 3908 bono
2297 3843 2464 3927 ze10‚
2512 3844 2681 3932 quod
2727 3852 2895 3909 certe

254 3947 375 4012 vidi
433 3970 579 4012 eum
641 3947 725 4012 ad
787 3947 951 4013 hanc
1006 3950 1335 4013 materiam
1380 3949 1566 4015 valde
1612 3952 1978 4015 animatum.
2070 3953 2282 4015 omnia
2338 3951 2491 4016 haec
2538 3953 2754 4037 scripsi
2800 3953 2894 4015 in-

257 4076 431 4141 quam
478 4055 562 4121 ad
606 4054 967 4141 pontificem
1013 4064 1076 4120 et
1121 4055 1490 4140 cardinales,
1540 4066 1609 4122 ut
1661 4057 2078 4144 intelligentes
2136 4058 2492 4145 opinionem
2554 4058 2893 4124 multorum

177 4164 480 4246 abpossint
525 4162 924 4227 considerare
971 4171 1031 4227 et
1076 4161 1439 4229 deliberare.

420 4269 748 4351 Quantum
794 4269 876 4334 ad
924 4292 1108 4336 suum
1154 4268 1462 4336 circulum
1493 4270 1836 4337 Suevicum
1883 4271 2136 4338 dicebat
2183 4271 2335 4336 mihi
2365 4271 2498 4338 Sua
2526 4273 2893 4340 Dominatio

392 4534 431 4601 ¹)
467 4538 539 4591 In
572 4555 659 4592 nr.
699 4540 832 4605 154,
881 4538 1098 4592 welches
1135 4544 1274 4593 trotz
1310 4538 1402 4593 des
1439 4539 1681 4593 Datums
1718 4557 1836 4594 vom
1870 4544 1940 4595 21
1977 4541 2106 4595 Mai
2139 4541 2258 4594 sich
2294 4542 2376 4595 als
2414 4541 2709 4596 demselben
2749 4543 2892 4610 Taya

266 4624 353 4677 mit
386 4626 497 4681 dem
532 4627 917 4697 vorlieqenden
954 4627 1147 4694 Briefe
1184 4629 1483 4698 anyeko'riy
1521 4629 1850 4700 kundyiebt,
1889 4630 2068 4684 indem
2114 4631 2171 4684 V.
2213 4631 2272 4683 in
2311 4631 2504 4686 beiden
2537 4632 2796 4686 mittheilt
2833 4647 2892 4686 er

266 4713 397 4768 molle
430 4716 579 4772 heuto:
613 4718 808 4772 reisen.
