3500 5300
989 340 1087 395 No,
1126 339 1437 397 223—224:
1480 341 1614 397 1535
1652 342 1933 397 December
1973 344 2214 425 11.-÷12.
2824 340 2932 401 555

281 535 443 603 223.
535 535 622 600 K.
670 536 1043 601 Ferdivzand
1086 558 1175 600 an
1222 536 1296 601 P.
1347 537 1517 602 Paul
1559 537 1716 602 III:
1777 537 2101 603 Rackkehr
2145 539 2248 602 des
2297 539 2584 602 Nuntius
2645 538 2929 621 Veryerio
3003 543 3142 594 1535

274 664 424 708 zum
454 643 671 725 Ko‘niy
714 643 876 707 uach
923 644 1254 723 trefflicher
1284 644 1717 727 Ausrichtuny
1756 646 1956 710 seiner
1986 645 2302 728 Austrdye
2346 667 2433 709 an
2477 647 2577 709 die
2606 647 2928 709 deutschen
2946 612 3077 666 Dec·
3114 618 3178 666 11

276 748 571 814 Fure-ten.
663 750 1000 833 Mahnuny
1046 771 1135 814 an
1193 751 1309 815 den
1356 752 1551 833 Papst
1611 753 1712 816 die
1763 751 2182 817 Covwilssache
2233 754 2443 816 weiter
2497 774 2579 817 zu
2634 754 2930 817 betreibcn

274 857 415 919 und
456 855 635 920 Bitte
677 877 759 921 zu
810 857 1083 938 femerer
1128 858 1495 940 Ferdmny
1555 858 1860 923 derselben
1920 860 2196 940 Veryerio
2248 881 2330 924 zu
2397 859 2526 923 ihm
2590 860 2927 925 zuriickzu-

217 979 253 1034 5
274 963 520 1027 senden.
609 968 771 1029 1535
817 963 1142 1029 December
1188 969 1265 1027 11
1327 965 1525 1029 Wien.

422 1109 544 1160 Aus
592 1105 846 1177 Venedi-11,
883 1108 1028 1162 Bibl.
1066 1109 1245 1161 Marc.
1302 1108 1415 1162 ital.
1455 1109 1523 1163 cl.
1563 1108 1614 1162 V
1665 1109 1783 1163 cod.
1837 1109 1905 1162 65
1954 1108 2244 1174 Abschrift
2297 1126 2402 1163 von
2456 1109 2554 1165 der
2602 1110 2779 1163 Hand
2838 1109 2930 1164 des

506 1195 776 1265 VerqeriO.

457 1320 666 1385 Rediit
708 1321 793 1385 ad
837 1343 953 1385 nos
999 1321 1364 1386 Sanctitatis
1412 1320 1673 1386 Vestrae
1718 1323 1975 1387 nuntius
2019 1322 2172 1386 Rev.
2220 1321 2447 1386 Petrus
2496 1322 2732 1387 Paulus
2773 1323 2928 1387 Ver·

272 1428 489 1514 gerius
534 1450 574 1492 a
618 1428 930 1514 legatione
976 1450 1106 1510 sua,
1155 1450 1345 1514 quam
1390 1430 1457 1492 in
1503 1430 1754 1514 negotio
1803 1429 2050 1493 concilii
2111 1429 2283 1515 apud
2343 1428 2642 1495 electores
2699 1439 2762 1493 et
2819 1452 2926 1516 po-

176 1551 254 1605 10
272 1537 468 1600 tiores
511 1533 893 1599 Germaniae
937 1536 1253 1621 principes
1299 1533 1491 1599 subiit
1536 1545 1598 1600 et
1643 1536 1927 1599 confecit.
2021 1534 2379 1600 audivimus
2428 1538 2639 1600 omnia
2698 1545 2926 1602 totum-

273 1663 400 1728 que
447 1664 701 1706 cursum
749 1640 1077 1728 legationis
1133 1664 1284 1706 suae
1340 1641 1606 1706 libenter
1666 1641 1954 1728 equidem
2017 1653 2081 1706 et
2136 1641 2441 1728 benigne,
2501 1651 2563 1707 et
2621 1651 2925 1729 quantum

272 1747 461 1813 nobis
503 1756 567 1813 et
597 1748 832 1835 juditio
880 1757 1092 1814 nostro
1140 1757 1434 1834 apparet,
1495 1750 1707 1814 omnia
1753 1749 2096 1835 prudenter
2154 1759 2216 1814 et
2275 1748 2432 1813 bene
2493 1748 2667 1813 illum
2729 1752 2926 1836 egisse

272 1854 677 1939 arbitramur,
724 1857 886 1920 sicut
930 1855 1267 1921 Beatitudo
1314 1855 1544 1920 Vestra
1588 1879 1671 1920 ex
1717 1855 2017 1920 relatione
2063 1857 2259 1941 ipsius
2304 1866 2367 1920 et
2412 1855 2510 1920 his
2571 1880 2734 1943 quae
2778 1858 2925 1922 fecit

270 1960 526 2049 plenius
571 1962 892 2049 aliquanto
940 1984 1319 2050 cognoscere
1365 1961 1746 2048 dignabitur.
1824 1985 1986 2050 quae
2017 1970 2354 2049 propterea
2397 1965 2463 2027 in
2493 1966 2745 2048 negotio
2791 1972 2921 2029 tam

176 2084 253 2138 15
269 2071 379 2156 pio
428 2069 685 2134 salutari
731 2078 794 2135 et
837 2071 1186 2135 necessario
1232 2092 1309 2134 ac
1353 2092 1468 2156 pro
1517 2092 1629 2135 suo
1674 2071 1740 2134 in
1788 2070 1996 2134 Deum
2057 2092 2136 2134 ac
2193 2069 2384 2134 fidem
2442 2077 2518 2134 et'
2562 2071 2924 2157 religionem

270 2184 554 2242 nostram
601 2176 796 2242 offitio
858 2185 921 2242 et
976 2178 1350 2242 auctoritate
1419 2176 1718 2263 pastorali
1787 2198 1925 2241 eam
1997 2176 2147 2241 velit
2209 2198 2527 2263 apponere
2587 2201 2802 2242 curam
2864 2186 2926 2243 et

269 2307 564 2367 manum,
623 2292 812 2371 prout
868 2290 932 2349 et
976 2307 1088 2350 suo
1147 2286 1213 2347 in
1272 2284 1541 2348 eundem
1591 2283 1799 2348 Deum
1859 2290 1921 2348 et
1980 2283 2400 2348 universalem
2462 2283 2786 2348 ecclesiam
2846 2306 2922 2349 ac

271 2413 670 2456 communem
718 2389 1251 2457 Christianitatem
1300 2390 1510 2456 debito
1560 2391 1858 2455 convenit
1902 2398 1965 2455 et
2008 2388 2334 2468 incumbit.
2426 2392 2492 2454 in
2551 2413 2674 2477 quo
2734 2393 2922 2456 etiam

268 2497 459 2563 latius
529 2497 773 2584 agendo
841 2506 905 2563 et
970 2498 1409 2586 prosequendo
1479 2505 1694 2562 nostra
1761 2499 2053 2583 opinione
2121 2496 2443 2562 videretur
2510 2499 2924 2563 sanctitatem

175 2606 567 2673 20Vestram
616 2604 733 2671 hoc
781 2613 1057 2692 tempore
1102 2607 1313 2670 forsan
1372 2628 1498 2670 non
1561 2627 1761 2692 aeque
1804 2604 2103 2669 idoneum
2164 2627 2367 2692 neque
2424 2627 2635 2670 rerum
2695 2604 2922 2670 harum

269 2713 797 2778 Germanicarum
841 2715 1047 2799 magis
1078 2720 1408 2799 expertum
1440 2714 1758 2777 remittere
1787 2735 1969 2798 posse
1999 2735 2190 2800 quam
2222 2713 2491 2778 eundem
2528 2712 2920 2798 Vergerium‚

267 2844 459 2908 quem
505 2819 586 2885 ob
633 2819 789 2885 haec
834 2827 896 2884 et
941 2821 1067 2885 alia
1110 2842 1224 2885 nos
1288 2820 1475 2904 digne
1534 2820 1854 2885 moventia
1898 2818 2232 2884 Sanctitati
2279 2820 2539 2885 Vestrae
2605 2842 2917 2885 commen-

267 2928 496 2992 damus
540 2950 777 3015 nosque
823 2928 1027 2992 eidem
1073 2928 1244 2992 omni
1289 2926 1462 2991 filiali
1509 2926 1810 3012 obsequio
1858 2926 2192 2992 offerimus.

447 3034 687 3099 Datum
738 3034 1021 3099 Viennae
1071 3045 1146 3101 11
1198 3032 1548 3099 decembris
1600 3044 1766 3101 1535
1803 3037 1869 3118 ¹).
2931 3033 3064 3093 Dec·
3102 3040 3167 3091 11

176 3321 433 3388 25224.
534 3320 822 3386 Ottonello
881 3320 1043 3384 Vida
1088 3342 1176 3384 an
1221 3320 1570 3384 Ricalcati:
1628 3320 1886 3385 Abreise
1944 3320 2051 3384 des
2099 3320 2385 3384 Nuntius
2423 3321 2648 3403 yemass
2691 3321 2801 3384 der
2844 3322 2916 3384 iu
2936 3337 3068 3393 Dec,
3109 3343 3180 3395 12

281 3428 468 3493 Wien
511 3429 1000 3510 voryefumlenen
1052 3427 1260 3492 Ordre.
1354 3427 1656 3492 Schlechte
1699 3426 2078 3491 Aussichten
2122 3427 2230 3490 der
2274 3428 2686 3509 unyarischen
2731 3428 2913 3492 Frie-

265 3534 873 3618 densverhandluuy;
921 3534 1261 3599 Absichten
1306 3535 1410 3598 (les
1463 3534 1818 3600 Gesandten
1876 3534 1979 3597 des
2039 3533 2370 3597 Woivoden
2419 3534 2582 3598 nach
2629 3535 2789 3598 Rom
2832 3556 2914 3600 zu

260 3643 452 3724 ychen
509 3665 620 3707 um
677 3643 777 3707 die
830 3642 1009 3724 Hilfe
1052 3643 1157 3706 des
1200 3641 1462 3723 Papstes
1507 3642 1881 3723 anzurufen.
1983 3639 2468 3706 Revorstekende
2511 3641 2768 3705 Abreise
2810 3642 2916 3707 des

271 3749 612 3816 cardinals
654 3771 771 3814 von
824 3751 1048 3815 Trient.
1151 3749 1453 3831 Tayfahrt
1498 3749 1606 3813 der
1654 3748 2086 3813 Protestanten
2128 3768 2247 3812 zur
2275 3748 2781 3831 Herbeifillcruny
2811 3750 2915 3814 des

177 3866 249 3920 30
266 3858 684 3922 Auschlusses
727 3858 834 3921 der
877 3856 1415 3922 Sakramentiemr
1458 3877 1547 3919 an
1590 3856 1691 3919 die
1731 3855 2144 3918 Lutheraner.
2235 3854 2586 3919 Foridauer
2630 3856 2739 3919 der
2792 3856 2910 3921 Ge-

260 3964 696 4047 fanyenschati
747 3962 1051 4042 Gasale’s,·
1113 3964 1301 4047 Sorye
1357 3962 1686 4047 Veryerio’s
1740 3963 1878 4026 und
1934 3961 2150 4026 Vida’s
2205 3983 2314 4025 um
2358 3961 2486 4025 ihu.
2577 3965 2739 4027 1535
2782 3962 2910 4027 De·

265 4071 496 4136 cember
541 4072 627 4135 12
686 4069 882 4135 Wien.

407 4215 530 4268 Ans
566 4213 795 4283 Neapel,
838 4212 1064 4267 Grande
1100 4212 1362 4267 Archia-io
1401 4213 1563 4268 Carte
1603 4213 1932 4267 Parnesiane
1970 4211 2128 4266 Fasc.
2169 4214 2272 4266 692
2314 4212 2458 4282 Oria.
2496 4211 2704 4282 eiyenh.

264 4359 301 4367 .-
590 4361 691 4366 βψ.-

411 4462 453 4531 ¹)
500 4463 632 4517 Vom
668 4466 733 4516 13
772 4462 1058 4517 December
1094 4461 1297 4533 [1535]
1336 4463 1464 4531 lieqt
1503 4462 1592 4515 ein
1630 4461 1905 4526 Entwurf
1931 4479 2036 4516 von
2081 4463 2184 4517 der
2220 4462 2399 4517 Haud
2438 4462 2529 4517 des
2563 4463 2908 4533 ko'niylichen

179 4550 250 4604 35
267 4551 550 4606 Sekretdrs
589 4551 932 4617 Christoforo
969 4553 1265 4623 Castileqio
1308 4570 1380 4606 zu
1426 4553 1596 4605 ciuem
1639 4551 1932 4605 Schreiben
1980 4568 2057 4603 an
2094 4550 2452 4606 Ferdinamls
2489 4555 2737 4620 Ayemen
2772 4554 2908 4606 beim

271 4640 486 4709 Kaisar,
526 4641 749 4695 Martia
784 4642 852 4695 de
890 4641 1139 4709 Salinae,
1189 4658 1285 4696 vor
1335 4640 1527 4705 belmfs
1564 4640 1937 4709 Empsehluny
1989 4640 2080 4693 des
2127 4640 2375 4708 Veryerio
2427 4658 2502 4692 an
2548 4642 2652 4695 den
2689 4641 2905 4697 Kaiser.

282 4730 512 4802 Venediq
546 4731 641 4785 lat.
681 4731 749 4786 cl.
788 4730 873 4784 IX
909 4730 1026 4785 cod.
1065 4732 1133 4786 ⁴38
1170 4731 1261 4786 fol.
1302 4732 1386 4786 43.
