3500 5300
1366 382 1465 438 No·
1507 381 1606 437 l*:
1648 383 1802 438 1536.
2018 428 2024 433 .
2814 381 2921 443 409

259 579 626 644 criminibus
688 582 751 643 in
811 580 1040 664 quibus
1101 580 1457 665 dispensari
1517 587 1761 665 potest,
1821 580 2251 664 pecuniariam
2305 600 2532 664 penam
2593 580 2915 665 imponere
2975 583 3115 634 1536

258 695 501 771 potest:
551 709 604 750 c.
650 687 803 751 licet
848 694 912 750 et
958 686 1047 750 ibi
1094 695 1222 750 not.
1268 686 1390 770 glo.
1438 684 1518 749 de
1566 708 1706 771 pen.
1741 689 1799 766 ι).
1861 708 2054 771 quum
2103 687 2293 749 ctiam
2340 687 2708 772 pecuniaria
2755 709 2916 772 pena

257 793 400 879 plus
445 791 844 871 formidatur,
889 801 1101 879 potest
1150 792 1317 856 illam
1366 794 1689 877 imponere
1737 814 1822 855 ar.
1870 814 1923 856 c.
1971 791 2052 856 de
2099 794 2307 856 causis
2356 791 2435 856 de
2468 792 2572 857 off.
2605 792 2808 878 deleg.
2837 795 2882 875 ²)
2901 818 2917 872 ;

255 899 294 962 l.
350 912 401 965 Ι.
446 898 512 963 ff.
561 901 613 963 si
675 901 816 985 quis
870 901 970 985 jus
1030 898 1269 963 dicenti
1329 920 1456 961 non
1515 898 1863 983 obtemper.
1892 901 1955 978 8).
2047 900 2340 963 nimirum
2398 900 2452 962 si
2500 901 2918 964 ecclesiastici

199 1011 235 1065 5
252 1004 499 1090 judices
544 1015 815 1092 possunt
860 1029 1034 1070 reum
1075 1006 1348 1091 pecunia
1394 1004 1725 1084 mulctare,
1786 1004 1976 1069 modo
2037 1004 2103 1069 id
2150 1004 2522 1088 juditialiter
2565 1006 2806 1071 faciant
2854 1019 2917 1071 et

255 1134 329 1176 ea
358 1113 597 1178 mulcta
643 1136 722 1176 ex
769 1112 981 1177 radice
1013 1111 1382 1198 cupiditatis
1430 1133 1554 1174 non
1588 1113 1954 1196 proveniat:
2004 1134 2055 1174 c.
2090 1120 2126 1176 2
2177 1111 2257 1174 de
2307 1111 2488 1176 elect.
2516 1114 2592 1192 ⁴);
2638 1113 2919 1178 Joanm's

256 1220 509 1284 Andre&
538 1222 621 1283 in.
658 1241 711 1284 c.
742 1220 801 1283 fi.
834 1219 914 1282 de
948 1218 1054 1283 off.
1087 1218 1279 1283 archi.
1309 1219 1356 1298 ⁶)
1391 1258 1473 1265 —
1491 1242 1508 1298 3
1541 1227 1607 1282 at
1639 1220 1693 1281 si
1727 1217 2006 1303 prelatus
2040 1218 2236 1282 vellet
2267 1227 2442 1282 extra
2472 1217 2767 1303 juditium
2799 1243 2916 1306 pro

253 1324 487 1390 delicto
517 1328 856 1412 pecuniam
888 1327 1159 1409 exigere,
1206 1325 1367 1389 male
1400 1332 1632 1409 ageret,
1679 1325 1829 1410 quia
1859 1333 2070 1389 certus
2108 1324 2295 1390 datus
2328 1334 2427 1389 est
2450 1347 2486 1389 a
2518 1325 2656 1410 lege
2691 1326 2914 1391 modus

253 1439 473 1497 contra
517 1434 777 1496 noxium
823 1430 1229 1518 procedendi.
1320 1438 1705 1517 quapropter
1750 1430 1843 1494 illi
1888 1430 2317 1495 archidiaconi
2363 1434 2471 1517 qui
2528 1442 2706 1497 extra
2750 1433 2916 1518 judi-

162 1545 233 1598 10
252 1539 411 1602 tium
468 1542 603 1602 sine
664 1560 853 1604 cause
912 1539 1275 1623 cognitione
1333 1538 1669 1623 pecuniam
1726 1560 1842 1623 pro
1902 1539 2177 1601 comisso
2236 1541 2499 1603 crimine
2559 1540 2915 1624 exigebant,

250 1643 799 1730 reprehenduntur
843 1667 882 1709 a
927 1666 1169 1708 canone
1216 1643 1390 1708 dicta
1420 1666 1473 1708 c.
1514 1643 1665 1707 licet
1710 1642 1792 1707 de
1838 1647 2019 1730 penis
2048 1647 2113 1726 ⁶).
2206 1667 2280 1708 eo
2329 1647 2527 1729 magis
2576 1646 2915 1732 reprehen-

250 1749 443 1815 dendi
488 1760 638 1815 sunt
683 1752 790 1836 qui
836 1773 951 1835 pro
997 1751 1349 1836 penitentia
1394 1752 1459 1813 in
1504 1749 1648 1814 foro
1696 1749 2095 1836 penit-entiali
2141 1750 2524 1835 injungenda
2578 1755 2912 1837 pecuniam

252 1860 534 1943 exigunt,
581 1866 645 1921 et
690 1855 771 1920 de
818 1855 917 1920 his
962 1858 1133 1941 justa
1178 1865 1275 1919 est
1322 1856 1581 1942 querela
1628 1864 1692 1920 et
1736 1856 2206 1941 providendum
2251 1866 2323 1920 ut
2357 1857 2733 1922 abstineant.

249 2092 349 2153 68.
417 2087 973 2166 Quemadmodum
1003 2088 1255 2152 honesti
1291 2089 1410 2152 viri
1442 2098 1507 2153 et
1552 2089 1845 2155 mulieres
1893 2113 1970 2153 ex
2003 2089 2169 2155 falso
2201 2113 2450 2156 rumore
2497 2114 2910 2177 sepenumero

161 2203 228 2256 15
1396 2205 1757 2280 graventur.

424 2301 525 2367 Ne
589 2311 811 2368 contra
870 2302 1228 2388 apostolum
1289 2302 1672 2366 infirmorum
1732 2302 1928 2368 corda
1986 2302 2067 2368 de
2125 2304 2290 2368 mala
2348 2303 2518 2369 fama
2577 2306 2906 2392 presbiteri

247 2413 682 2497 percutiantur
751 2418 816 2472 et
869 2431 948 2472 ne
1018 2410 1417 2494 vituperetur
1483 2411 1906 2474 ministerium
1972 2419 2256 2474 nostrum
2326 2433 2489 2476 neve
2558 2415 2907 2478 securiores

246 2516 581 2603 presbiteri
614 2519 958 2580 existentes
1006 2517 1073 2579 in
1102 2524 1437 2600 peccatum
1466 2516 1894 2602 prolabantur,
1938 2518 2207 2602 majores
2239 2520 2438 2582 nostri
2469 2522 2906 2604 purgationem

246 2626 615 2689 canonicam
646 2622 956 2688 indixere:
991 2645 1045 2688 c.
1077 2624 1129 2687 si
1163 2622 1327 2687 mala
1358 2622 1532 2688 fama
1560 2624 1606 2705 ⁷)
1622 2648 1640 2705 3
1687 2645 1738 2688 c.
1772 2619 2064 2709 Quotiens
2099 2633 2155 2689 2.
2180 2648 2238 2710 q.
2267 2637 2304 2693 5
2335 2628 2381 2705 ⁸)
2409 2668 2490 2674 —
2507 2652 2524 2707 3
2572 2634 2637 2691 et
2672 2626 2908 2693 nedum

152 2731 523 2809 20clericiS,
589 2730 704 2795 sed
751 2732 940 2795 etiam
999 2730 1229 2816 laycis:
1291 2752 1345 2794 c.
1392 2752 1508 2794 nos
1555 2732 1721 2795 inter
1766 2730 1848 2796 de
1893 2753 2110 2817 purga.
2156 2755 2334 2797 can0.
2362 2734 2441 2814 ⁹);
2501 2757 2691 2820 quam
2745 2734 2906 2799 adeo

244 2840 622 2902 inconcusse
682 2836 1108 2901 observabant
1167 2830 1473 2901 Germani
1537 2847 1605 2900 ut
1664 2840 1859 2902 etiam
1917 2838 2213 2903 candenti
2269 2839 2441 2904 ferro
2500 2850 2566 2905 et
2625 2840 2904 2906 ferventi

246 2964 411 3029 aqua
467 2965 536 3007 se
583 2951 944 3030 purgarent.
1035 2965 1225 3028 quem
1282 2965 1520 3007 morem
1567 2945 1828 3009 sustulit
1872 2943 2234 3032 Stephanus
2281 2944 2370 3011 V.
2388 2949 2477 3027 ¹⁰),
2522 2946 2603 3011 de
2650 2970 2776 3033 quo
2821 2947 2903 3012 ad

244 3050 788 3135 Mogontinensem
821 3052 1193 3136 episcopum
1228 3052 1585 3136 rescripsit:
1625 3074 1676 3115 c.
1713 3051 2083 3116 consuluisti
2109 3062 2168 3118 2.
2191 3075 2251 3137 q.
2278 3063 2318 3119 4
2339 3056 2425 3133 ¹¹).
2464 3057 2905 3141 purgationem

245 3158 436 3221 etiam
493 3159 560 3221 in
616 3158 818 3222 veteri
876 3155 1018 3241 lege
1077 3156 1277 3220 fuisse
1323 3159 1387 3220 in
1448 3179 1587 3237 usu,
1644 3157 1916 3223 habetur
1973 3159 2238 3224 Numeri
2284 3162 2447 3242 5¹²);
2506 3170 2571 3224 et
2628 3163 2692 3224 in
2739 3183 2793 3225 c.
2837 3163 2902 3225 in

149 3272 226 3326 25
243 3263 509 3329 Numeri
557 3273 614 3330 2.
660 3285 719 3348 q.
769 3273 809 3329 4
836 3267 904 3343 ¹³)
952 3262 1032 3327 de
1100 3263 1363 3327 muliere
1432 3263 1512 3327 de
1580 3263 1892 3330 adulterio
1940 3266 2297 3344 diffamata,
2354 3289 2477 3352 que
2536 3289 2653 3353 per
2705 3290 2902 3352 aquas

243 3371 665 3435 amarissimas
725 3369 1074 3434 sacerdotis
1133 3370 1582 3455 imprecatione
1640 3371 2046 3456 purgabatur.
2137 3376 2190 3436 si
2238 3375 2346 3458 qui
2394 3381 2604 3437 autem
2650 3396 2727 3436 ex
2774 3373 2902 3437 levi

243 3517 393 3524 -——
408 3518 455 3523 --
466 3517 641 3523 0——
696 3518 769 3523 *7⁴

390 3601 426 3668 ¹)
465 3601 588 3656 Lib.
637 3601 687 3654 V
719 3601 802 3655 tit.
839 3604 915 3655 38
949 3618 993 3657 c.
1033 3605 1082 3655 6.

387 3689 430 3757 ')
468 3690 593 3745 Lib.
630 3691 671 3745 I
704 3691 792 3744 tit.
828 3693 903 3744 29
939 3706 982 3745 c.
1021 3694 1071 3743 4.

388 3777 427 3847 Β)
465 3778 539 3833 D.
575 3780 653 3834 11
682 3780 765 3834 tit.
804 3782 841 3832 3
878 3780 911 3832 1.
950 3783 994 3833 1.

148 3878 224 3932 30
383 3867 426 3935 ⁴)
463 3868 588 3923 Lib.
625 3868 668 3922 I
696 3868 781 3923 tit.
821 3872 857 3921 6
892 3884 935 3922 c.
972 3872 1028 3923 2.

384 3955 426 4024 ⁶)
461 3957 589 4012 Lib.
629 3958 671 4011 Ι
702 3957 788 4011 tit.
825 3961 903 4012 23
937 3974 981 4012 c.
1019 3962 1102 4012 10.

385 4044 428 4114 ὅ)
465 4046 590 4101 Lib.
640 4046 692 4100 V
721 4047 807 4101 tit.
845 4050 920 4101 37
956 4063 1000 4101 c.
1038 4050 1089 4101 3.

388 4133 962 4205 ⁷)c.160.2q.5.

384 4224 426 4295 ⁸)
464 4242 507 4280 c.
548 4228 619 4279 17
657 4223 714 4280 (Ι.
751 4228 792 4281 2
827 4242 874 4294 q.
915 4227 964 4277 5.
1006 4254 1072 4265 —
1121 4223 1320 4280 Unam:
1362 4224 1594 4292 Vorlaye
1629 4222 1728 4276 hat
1767 4240 1814 4291 q.
1853 4226 1902 4276 4.
1977 4222 2088 4288 (Im
2129 4222 2261 4276 Teoet
2297 4222 2391 4277 des
2429 4222 2721 4278 Decretum
2754 4219 2898 4292 solat

145 4312 358 4381 35auf
378 4334 426 4387 q.
465 4318 502 4369 3
535 4315 802 4371 tundebat
836 4330 885 4384 q.
915 4318 967 4381 5,
1004 4314 1163 4369 dam:
1198 4320 1306 4368 erat
1340 4329 1388 4382 q.
1428 4315 1500 4381 4).

381 4401 426 4474 ⁹)
467 4404 590 4459 Lib.
635 4404 686 4459 V
715 4404 801 4459 tit.
840 4407 912 4459 34
949 4420 993 4459 c.
1031 4406 1084 4458 6.

361 4494 428 4563 1⁰)
466 4497 770 4549 816-817.

361 4584 425 4656 ¹¹)
462 4601 508 4640 ο.
544 4587 620 4640 20
654 4585 713 4641 0.
749 4587 791 4640 2
825 4600 874 4654 q.
912 4587 963 4639 5.

360 4673 424 4745 ¹²)
462 4674 657 4730 411103.
695 4691 739 4729 c.
780 4678 828 4728 5.

145 4767 219 4825 40
362 4764 424 4837 ¹³)
464 4785 506 4820 c.
543 4770 615 4819 21
656 4765 711 4820 0.
751 4769 789 4819 2
826 4783 872 4835 q.
912 4767 960 4820 5.
1037 4763 1122 4834 (In
1162 4763 1302 4819 libro
1339 4782 1575 4837 namque
1613 4763 2013 4833 Humerorum).
