3500 5300
426 551 566 602 1538

386 620 527 672 Mrz.
565 622 601 672 6

617 346 725 408 m
1611 349 1711 404 No.
1751 351 1847 404 79:
1893 349 2027 404 1538
2063 349 2208 403 Man
2244 351 2294 404 6.

621 548 802 611 viene
832 545 1097 632 parlare.
1174 547 1326 632 pero
1372 568 1439 609 se
1473 546 1548 609 V.
1584 545 1645 611 S.
1678 545 1807 610 Rw·
1852 567 1890 610 0
1936 568 1976 610 8
2020 568 2122 610 me
2167 567 2205 610 o
2252 543 2314 610 al
2351 567 2710 610 successore
2739 546 2867 610 mio
2899 547 2947 608 si
2998 545 3286 630 degnara

618 654 892 717 scrivere
938 651 1170 717 alcuna
1228 651 1431 731 volta,
1491 651 1722 718 Nostro
1792 653 2056 737 Signore
2117 655 2263 716 sara
2319 651 2548 737 meglio
2607 654 2872 735 servitu,
2929 653 3166 739 perche
3240 652 3284 717 il

619 767 831 823 tenere
893 760 1101 822 noncii
1160 781 1350 823 senza
1408 757 1690 823 scriverli
1737 760 1773 822 8
1819 758 2153 845 superfluo.
2245 780 2353 823 ma
2404 758 2471 823 di
2525 781 2692 824 novo
2739 759 3026 846 supplico
3071 758 3284 846 quella

620 873 880 930 astretta
931 865 1284 930 d'extrema
1343 866 1680 948 necessita,
1741 887 1920 929 come
1979 887 2093 952 per
2155 864 2313 928 altre
2369 866 2496 929 mie
2542 865 2623 930 ho
2670 868 2922 948 scritto,
2981 868 3034 930 si
3092 866 3284 952 degni

621 994 882 1058 operare
943 971 1059 1037 che
1119 970 1179 1037 al
1226 981 1516 1058 presente
1571 973 1739 1058 possi
1798 973 2106 1036 ritornare
2163 973 2228 1035 in
2277 970 2498 1056 Italia,
2554 971 2791 1058 perche
2847 973 3106 1060 quando
3151 974 3285 1040 Sua
3328 984 3358 1035 5

621 1079 886 1157 8881118,
933 1078 1226 1143 havendo
1258 1077 1558 1166 alquanto
1589 1078 1902 1143 redrizato
1950 1077 2008 1142 le
2056 1100 2203 1143 cose
2247 1078 2314 1143 di
2359 1101 2508 1143 casa
2554 1081 2681 1143 mia
2724 1087 2789 1144 et
2831 1078 2934 1145 del
2964 1089 3282 1162 vescoato,

622 1183 807 1272 quale
852 1208 1005 1249 sono
1052 1186 1116 1249 in
1164 1184 1359 1250 molta
1404 1187 1619 1268 ruina,
1691 1187 1881 1249 vorra
1927 1183 2088 1248 ch'io
2135 1186 2336 1262 torni,
2405 1208 2652 1272 sempre
2697 1188 2841 1250 saro
2886 1188 3282 1273 paratissimo

620 1292 701 1356 ad
751 1290 1048 1374 obedirli,
1112 1315 1292 1357 come
1352 1315 1462 1357 808
1527 1291 1847 1374 debitore,
1907 1300 1971 1356 et
2016 1291 2146 1356 888
2190 1293 2439 1358 8881118
2495 1292 2597 1358 fra
2641 1299 2859 1380 questo
2913 1316 3126 1376 mezo,
3171 1316 3282 1380 per

621 1420 746 1462 non
793 1398 1058 1464 lasciare
1102 1398 1146 1463 il
1193 1398 1331 1464 loco
1362 1421 1590 1473 vacu0‚
1636 1402 1822 1486 potra
1866 1398 2215 1485 provedere
2260 1397 2326 1463 di
2371 1398 2640 1486 qualche
2683 1422 2956 1486 persona
2998 1402 3113 1487 piu
3152 1401 3277 1465 ido-

622 1528 740 1570 nea
784 1505 850 1571 di
896 1529 1016 1588 me,
1064 1528 1242 1571 come
1286 1507 1349 1570 la
1392 1506 1731 1593 prudentia
1776 1505 1842 1569 di
1888 1505 2019 1571 Sua
2065 1506 2466 1571 Beatitudine
2513 1505 2555 1570 li
2598 1510 2922 1572 mostrara
3299 1518 3356 1570 10

801 1611 906 1677 Da
963 1613 1167 1677 Roma
1230 1636 1384 1678 sono
1442 1615 1657 1678 venuti
1718 1613 1762 1678 li
1822 1611 2083 1699 capituli
2145 1611 2310 1677 della
2370 1612 2499 1699 liga
2556 1615 2883 1700 stampati,
2941 1621 3004 1679 et
3062 1616 3276 1679 avanti

622 1718 810 1806 quelli
856 1741 1172 1785 venerono
1218 1718 1424 1784 alcuni
1472 1720 1614 1784 altri
1661 1718 1922 1806 capituli
1979 1721 2265 1805 impressi
2327 1720 2499 1784 circa
2543 1719 2603 1784 la
2648 1721 3090 1786 reformatione
3135 1720 3278 1785 delli

622 1824 802 1890 abusi
851 1826 914 1890 di
962 1826 1171 1914 quella
1216 1835 1387 1891 corte
1433 1827 1497 1891 di
1532 1827 1733 1891 Roma
1765 1826 2038 1891 secondo
2083 1825 2126 1890 il
2174 1826 2476 1911 consiglio
2523 1825 2668 1891 delli
2701 1827 2986 1914 deputati
3033 1830 3140 1914 gia
3169 1851 3279 1914 per

624 1933 755 1997 Sua
799 1933 1048 1999 8881118
1092 1956 1133 1998 8
1178 1933 1264 1998 181
1311 1935 1774 1998 reformatione.
1865 1932 1928 1997 la
1972 1931 2120 2020 qual
2180 1955 2329 1996 cosa
2393 1932 2474 1997 ha
2519 1933 2669 1998 dato
2728 1956 2922 1999 causa
2964 1934 3032 1998 di
3077 1957 3276 1999 mara·

624 2039 819 2125 viglia
864 2063 902 2104 a
949 2039 1215 2127 qualche
1260 2063 1529 2127 persona
1586 2039 1794 2105 zelosa
1837 2040 1917 2105 de
1962 2038 2241 2104 l’honore
2286 2040 2353 2103 di
2400 2041 2533 2104 Sua
2577 2041 2854 2124 8881118,
2913 2040 3031 2112 che
3074 2039 3279 2128 quello
3301 2052 3361 2104 15

623 2146 924 2232 consiglio
970 2148 1044 2210 sii
1092 2149 1291 2212 uscito
1337 2149 1402 2211 in
1450 2155 1698 2235 stampa
1741 2156 1807 2212 et
1850 2146 1967 2211 che
2019 2146 2062 2211 li
2111 2146 2301 2211 effetti
2347 2169 2476 2211 non
2521 2148 2697 2212 siano
2743 2150 2991 2233 segniti,
3036 2155 3100 2213 et
3131 2170 3280 2235 pare

625 2275 774 2318 cosa
820 2262 994 2318 18810
1038 2255 1151 2340 piu
1220 2277 1390 2319 nova
1446 2262 1684 2341 quanto
1730 2256 1766 2317 ὲ
1813 2262 1978 2319 stata
2022 2253 2326 2318 mandata
2361 2253 2881 2341 principalmente
2939 2257 3003 2319 in
3065 2264 3280 2342 queste

623 2363 806 2446 parti.
897 2361 1049 2447 pero
1096 2361 1171 2425 V.
1219 2363 1280 2426 S.
1329 2361 1456 2425 R¹¹²⁸
1516 2362 1565 2425 si
1624 2360 1910 2446 degnara
1968 2361 2144 2425 farne
2199 2369 2370 2425 moto
2429 2384 2470 2425 a
2514 2360 2646 2426 Sua
2690 2362 2968 2444 8881118,
3026 2361 3279 2449 quando

625 2489 752 2531 non
799 2468 975 2530 siano
1022 2468 1307 2555 impressi
1353 2490 1467 2554 per
1513 2467 1733 2532 ordine
1781 2490 1893 2532 suo
1924 2466 1992 2556 ¹).

803 2573 1043 2638 Mando
1102 2597 1142 2638 8
1190 2574 1264 2639 V.
1314 2574 1374 2640 S.
1424 2575 1549 2639 Rm·
1608 2572 1670 2639 la
1727 2575 1999 2662 risposta
2058 2574 2208 2663 qual
2266 2575 2354 2638 mi
2414 2573 2497 2638 ha
2555 2575 2712 2640 fatto
2770 2575 2812 2639 il
2861 2575 3047 2641 Ser¹¹¹⁰
3091 2599 3160 2640 re
3212 2576 3366 2640 diso

624 2680 891 2747 Polonia
934 2704 1049 2768 per
1093 2681 1138 2746 il
1183 2681 1378 2747 breve
1423 2682 1488 2746 di
1521 2681 1652 2747 Sua
1683 2684 1933 2748 8881118
1977 2683 2148 2747 circa
2191 2682 2235 2746 il
2282 2680 2548 2747 concilio
2576 2682 2649 2770 ²),
2696 2683 2927 2769 perche
2975 2705 3102 2748 808
3147 2685 3280 2747 scio

625 2810 691 2853 se
736 2811 851 2875 per
897 2788 1057 2853 altra
1102 2791 1209 2853 via
1254 2788 1451 2853 habbi
1497 2790 1767 2875 risposto
1813 2811 1854 2853 8
1898 2789 2029 2855 888
2071 2789 2504 2872 Beatitudine‚
2550 2797 2614 2853 et
2658 2791 2916 2854 insieme
2960 2790 3005 2855 li
3049 2790 3279 2854 mando

625 2894 683 2960 le
730 2895 946 2960 lettere
991 2895 1093 2961 del
1153 2895 1635 2983 metropolitano
1693 2896 1760 2960 di
1805 2895 2015 2983 quella
2070 2897 2402 2983 provincia
2459 2904 2523 2960 et
2578 2896 2731 2961 d'un
2789 2895 2953 2961 altro
3014 2920 3280 2962 vescovo

625 3001 692 3066 di
737 3002 1050 3068 Cracovia
1078 3005 1149 3090 ⁸).

804 3109 934 3174 Alli
978 3111 1187 3196 giorni
1230 3111 1468 3197 passati
1526 3132 1640 3197 per
1699 3109 1760 3174 la
1817 3109 2135 3174 discordia
2191 3111 2454 3197 antiqua
2510 3117 2610 3175 tra
2669 3109 2714 3174 il
2772 3110 3060 3197 predetto
3106 3134 3176 3176 re
3216 3110 3362 3175 ‹list›

626 3215 892 3280 Polonia
948 3226 1012 3282 et
1071 3217 1115 3282 il
1176 3217 1495 3303 Vayvoda
1550 3216 1618 3281 di
1679 3216 2006 3281 Moldavia
2062 3239 2255 3281 erano
2314 3217 2578 3281 adunati
2638 3217 2847 3283 alcuni
2909 3217 3139 3283 cavalli
3200 3218 3286 3283 da

625 3347 756 3388 una
799 3331 981 3410 parte
1026 3331 1091 3389 et
1134 3324 1355 3390 l’altra.
1448 3325 1828 3389 nondimeno
1895 3347 2008 3410 per
2054 3324 2304 3389 diverse
2371 3326 2815 3389 intercessione
2880 3324 2963 3391 de
3009 3327 3198 3390 amici
3241 3324 3283 3389 li

626 3430 893 3517 predetti
948 3433 1217 3518 principi
1263 3454 1390 3497 non
1437 3454 1628 3496 erano
1688 3433 1906 3496 venuti
1964 3453 2005 3495 a
2061 3439 2304 3496 rottura
2364 3429 2595 3496 alcuna
2650 3439 2714 3495 et
2768 3431 3061 3499 cadauno
3108 3440 3286 3497 stava

626 3537 1001 3623 guardando
1064 3537 1104 3603 li
1164 3540 1261 3603 sui
1308 3539 1555 3603 confini.
1648 3538 1804 3603 hora
1849 3540 1902 3602 si
1948 3540 1984 3601 ὸ
2029 3538 2231 3604 181880
2291 3537 2407 3602 che
2464 3537 2510 3601 il
2555 3536 2856 3603 Moldavo
2914 3538 3018 3603 all'
3077 3540 3284 3626 inpro-

626 3646 793 3709 vista
837 3644 919 3709 ha
977 3654 1266 3711 amazato
1324 3645 1502 3710 molti
1559 3646 1625 3710 di
1683 3644 1874 3733 quelli
1937 3643 2184 3728 cavalli,
2230 3643 2402 3732 quali
2448 3667 2641 3710 erano
2685 3644 2807 3710 alle
2853 3646 3185 3730 srontiere3
3239 3646 3361 3711 1130

626 3752 858 3839 perche
904 3754 956 3816 si
1003 3752 1227 3817 dubita
1271 3752 1386 3817 che
1431 3760 1650 3841 questo
1697 3775 1864 3817 anno
1894 3752 2117 3817 sarano
2162 3774 2394 3837 guerra
2438 3753 2788 3835 manifesta,
2834 3761 2899 3817 et
2944 3754 2995 3817 si
3039 3754 3284 3841 suspica

627 3858 770 3924 ch’il
815 3858 1118 3925 Moldavo
1166 3861 1259 3925 sia
1287 3860 1631 3925 fomentato
1660 3859 1766 3924 dal
1798 3859 2074 3943 Tarcho,
2121 3858 2305 3946 quale
2349 3859 2613 3924 essendo
2657 3860 2725 3923 in
2770 3881 2932 3945 pace
2978 3884 3019 3925 o
3065 3868 3281 3946 tregua

626 3982 1001 3989 -——--—-———
1120 3983 1155 3988 —.

774 4022 814 4090 ι)
860 4022 979 4075 Wie
1027 4037 1082 4076 88
1121 4021 1430 4090 qekomnaen
1477 4017 1597 4090 dast
1651 4020 1759 4074 das
1796 4021 2100 4075 Consilium
2147 4020 2477 4074 delectorum
2524 4020 2904 4074 cardinalium
2952 4026 3007 4074 et
3051 4022 3280 4075 alionum

628 4111 684 4164 S.
713 4111 784 4164 R.
814 4111 886 4164 E.
916 4112 1300 4181 praelatorum
1335 4110 1401 4163 de
1429 4109 1774 4163 emendanda
1801 4110 2028 4163 ecclesia
2053 4126 2112 4163 80
2147 4109 2283 4175 frah
2317 4109 2381 4162 in
2407 4108 2789 4163 Deutschland
2816 4109 3058 4163 bekannt
3085 4108 3277 4173 warde,

626 4201 701 4252 ist
746 4200 886 4253 noch
920 4199 1338 4268 unausqeklc'irt.
1424 4198 1536 4252 Die
1582 4197 2039 4267 Βοῶν-0111118988
2087 4199 2365 4252 Mor-ones
2415 4197 2768 4253 hinsichtlick
2824 4197 2924 4252 der
2969 4198 3278 4263 Aufnakue

630 4289 723 4342 des
758 4289 1103 4344 Gutachtens
1138 4289 1201 4342 in
1236 4287 1622 4342 Deutschland
1659 4287 2114 4341 bewahrheiteten
2147 4287 2264 4341 sich
2298 4287 2534 4353 πλαψ·
2567 4303 2701 4341 man
2734 4288 2843 4356 yab
2878 4303 2935 4343 88
2970 4288 3089 4353 auf
3115 4287 3275 4341 hathe-
3289 4281 3346 4335 35

627 4378 833 4433 riselam
869 4377 1010 4431 Seite
1047 4376 1264 4431 alabald
1298 4378 1531 4444 hernus,
1582 4377 1976 4431 commeatione
2011 4392 2068 4430 es
2103 4376 2225 4429 und
2261 4375 2615 4445 beschcinigyte
2649 4376 2766 4431 sich
2801 4375 2969 4448 sifi-iq
3005 4377 3109 4432 mit
3143 4375 3274 4430 dm·

627 4468 804 4522 selben
839 4467 924 4521 als
958 4467 1133 4520 einem
1160 4465 1608 4536 Einqestcindnis
1644 4465 1742 4520 der
1771 4465 2086 4521 Misstcinde
2120 4465 2238 4531 auf
2263 4465 2630 4522 katholioeher
2663 4464 2822 4520 Seite.
2894 4465 3010 4535 791.
3040 4462 3274 4521 Diuo-ich

637 4556 895 4627 Gasparo
933 4555 1230 4611 Contarini
1264 4555 1322 4610 S.
1361 4558 1469 4609 369
1484 4554 1546 4621 ff.

773 4644 817 4712 ²)
852 4644 911 4699 S.
947 4661 995 4698 0.
1031 4661 1115 4697 nr.
1157 4648 1244 4699 76.

773 4731 818 4800 ⁸)
862 4732 977 4800 Vyl.
1016 4731 1398 4788 ebmdaselbst.
3285 4724 3344 4780 40
