3500 5300
1181 315 1278 376 No.
1320 317 1449 376 157:
1489 319 1629 377 1535
1663 316 1772 376 Mai
1807 319 1893 377 28.
2760 320 2869 381 899

239 514 351 580 tius
390 516 460 580 in
502 515 843 600 Auqsbury
854 538 878 596 ,·
935 517 1109 582 scine
1169 517 1630 601 Verhandluny
1688 518 1807 583 mit
1865 518 2003 584 dem
2051 516 2331 600 Bischof
2365 538 2485 584 von
2527 518 2868 602 Auysbury
2938 523 3078 603 15335

234 642 303 687 eu
343 622 688 707 Dillinyen.
782 626 946 689 1535
991 625 1146 690 Mai
1191 628 1281 691 28
1327 625 1671 690 Miae'nchen.
2885 593 3015 646 Man
3050 596 3126 646 28

354 749 472 803 Ans
517 749 774 820 Vmediq,
811 751 959 805 Bibz.
997 752 1178 805 Marc.
1216 751 1311 806 lat.
1351 751 1419 806 cl.
1458 750 1543 805 IX
1580 750 1700 806 cod.
1739 752 1807 805 67
1847 750 1939 805 fol.
1979 751 2193 806 42—45
2231 749 2391 806 Cone.

389 872 603 953 Quum
646 876 924 961 primum
984 884 1237 962 ceptum
1284 883 1379 940 est
1423 877 1531 961 agi
1586 877 1650 939 in
1700 874 2047 942 Germania
2106 876 2185 940 de
2244 874 2509 941 concilio
2555 874 2867 960 habend0,

192 980 382 1065 oquod
424 983 488 1044 in
534 980 815 1067 Spirensi
873 991 936 1047 et
983 983 1368 1068 Augustensi
1427 991 1744 1048 conventu
1804 982 2044 1047 factum
2106 991 2198 1047 est
2214 1032 2231 1066 ,
2293 982 2479 1047 simul
2541 985 2729 1048 etiam
2788 982 2868 1048 de

234 1085 383 1170 loco,
448 1087 557 1152 ubi
614 1090 947 1153 concilium
1006 1087 1314 1154 celebrari
1375 1087 1727 1170 debuisset,
1797 1091 2031 1154 mentio
2091 1089 2261 1154 facta
2313 1095 2438 1172 est,
2508 1112 2735 1176 nempe
2778 1092 2870 1154 ita

238 1193 601 1280 principibus
634 1195 1016 1261 Germaniae
1060 1195 1566 1282 procurantibus,
1612 1198 1722 1282 qui
1768 1219 1895 1261 non
1942 1219 2192 1261 omnem
2237 1196 2446 1260 locum
2494 1196 2755 1262 laudant
2783 1197 2868 1261 ad

239 1301 541 1366 concilium
601 1302 980 1368 habendum.
1072 1303 1299 1368 deinde
1357 1326 1550 1391 quum
1612 1304 1917 1389 proximis
1977 1305 2162 1368 annis
2220 1312 2497 1368 oratores
2555 1304 2870 1390 pontificis

241 1415 295 1470 et
332 1406 608 1473 Caesaris
654 1411 985 1475 materiam
1033 1410 1280 1475 concilii
1335 1412 1401 1475 in
1449 1409 1861 1475 Germaniam
1921 1410 2308 1494 attulissent,
2370 1409 2691 1475 habebant
2746 1412 2871 1497 ipsi

172 1529 226 1582 10
240 1514 467 1599 quidem
521 1518 710 1581 etiam
780 1516 1112 1582 articulum
1182 1517 1262 1581 de
1325 1518 1462 1582 loco
1525 1518 1692 1603 ipso,
1763 1519 1996 1604 quippe
2065 1519 2486 1582 necessarium
2550 1519 2869 1582 existima·

239 1631 441 1686 verant
480 1623 559 1688 de
602 1623 742 1689 loco
790 1626 978 1689 etiam
1025 1646 1243 1710 agere,
1291 1624 1371 1689 de
1416 1647 1541 1711 quo
1587 1646 1714 1689 non
1762 1646 1966 1711 parva
2023 1622 2362 1689 difficultas
2420 1632 2582 1690 esset
2637 1625 2868 1690 futura.

240 1726 467 1793 ellector
509 1753 658 1795 vero
708 1731 1025 1796 Saxoniae
1076 1754 1209 1796 una
1261 1754 1407 1796 cum
1466 1731 1735 1796 statibus
1794 1730 1916 1795 illis
1976 1730 2469 1817 protestantibus
2515 1741 2730 1818 aperte
2775 1754 2869 1797 re-

241 1835 555 1922 sponderat
598 1859 665 1903 se
712 1860 838 1903 non
900 1847 1236 1925 acceptare
1297 1837 1495 1903 ullum
1555 1838 1766 1903 locum
1810 1837 2049 1903 Italiae.
2141 1840 2356 1925 itaque
2416 1861 2610 1925 quum
2670 1862 2872 1925 nuper

241 1939 441 2006 Sanum
484 1943 796 2010 Dominus
839 1944 1071 2011 Noster
1130 1946 1462 2009 materiam
1511 1945 1675 2009 hanc
1734 1945 2186 2030 aggrederetur
2240 1953 2304 2010 et
2347 1945 2648 2010 voluisset
2691 1946 2868 2011 intel·

174 2062 227 2113 15
240 2046 408 2134 ligere
460 2052 611 2139 quid
672 2051 939 2117 antehac
999 2063 1209 2117 actum
1268 2053 1516 2132 fuisset,
1577 2053 1828 2138 putavit
1881 2074 2015 2116 esse
2059 2073 2312 2116 necesse
2372 2059 2471 2136 ut,
2530 2061 2869 2140 antequam

241 2153 392 2221 fieret
431 2159 685 2224 indictio
731 2160 927 2245 ipsius
971 2159 1219 2224 concilii
1267 2158 1349 2223 ad
1397 2166 1639 2224 certum
1681 2158 1914 2240 locum,
1959 2160 2134 2244 prius
2179 2158 2358 2223 fieret
2402 2159 2669 2223 verbum
2700 2161 2869 2246 prin-

242 2263 462 2348 cipibus
520 2264 906 2332 Germaniae
966 2274 1028 2332 et
1085 2266 1207 2331 illis
1267 2265 1640 2331 suaderetur
1707 2273 1778 2331 ut
1845 2265 1927 2329 ad
1988 2266 2276 2330 civitates
2344 2266 2587 2353 aliquas
2647 2265 2870 2331 Italiae

239 2374 649 2438 consentirent.
710 2396 860 2438 nam
906 2375 960 2438 si
1003 2373 1124 2438 illis
1183 2374 1553 2459 irrequisitis
1597 2380 1661 2438 et
1706 2373 2083 2459 contemptis
2130 2373 2263 2437 Sua
2307 2373 2628 2438 Sanctitas
2673 2372 2869 2438 indic·

236 2476 446 2543 tionem
490 2479 741 2545 concilii
801 2480 1116 2567 publicari
1172 2481 1451 2564 fecisset,
1516 2478 1856 2545 verebatur
1913 2501 1993 2544 ne
2051 2481 2222 2566 ipsos
2270 2478 2653 2546 Germaniae
2699 2482 2869 2567 prin-

166 2584 386 2671 2ocipes
429 2587 804 2670 offenderet,
851 2589 1221 2674 praesertim
1266 2586 1437 2675 apud
1484 2609 1640 2675 quos
1691 2608 1878 2674 saepe
1925 2587 2114 2652 fuerit
2159 2588 2349 2652 etiam
2395 2587 2476 2652 de
2520 2586 2658 2653 loco
2704 2596 2868 2654 trac-

234 2699 430 2758 tatum.
520 2706 710 2783 atque
758 2698 845 2760 ita
890 2696 1220 2761 mandavit
1275 2694 1428 2759 mihi
1478 2702 1546 2759 ut
1590 2696 1683 2758 sic
1729 2716 2016 2780 agerem:
2079 2694 2352 2775 domini,
2412 2695 2700 2781 pontifex
2745 2705 2869 2759 sta-

234 2801 340 2863 tuit
390 2802 547 2867 velle
609 2803 946 2867 concilium
1008 2801 1356 2881 celebrare,
1419 2824 1647 2888 cupere
1709 2824 1858 2866 vero
1917 2803 1985 2865 in
2048 2824 2177 2865 una
2222 2824 2304 2865 ex
2350 2802 2446 2865 his
2503 2802 2871 2867 civitatibus

234 2904 478 2973 Mantua
522 2920 640 2974 etc.
721 2911 860 2997 jam
906 2911 1236 2974 materiam
1282 2909 1613 2995 adjuvate,
1650 2909 1792 2995 jam
1838 2908 2067 2974 efficite
2122 2917 2193 2973 ut
2236 2908 2457 2974 audita
2502 2909 2866 2993 indictione,

235 3034 379 3098 quae
435 3016 539 3081 fiet
599 3016 681 3081 ad
741 3039 936 3081 unum
982 3039 1066 3081 ex
1122 3015 1218 3080 his
1262 3016 1434 3100 locis,
1502 3014 1770 3081 libenter
1815 3039 1888 3081 eo
1936 3017 2219 3080 veniatis.
2312 3016 2540 3081 deinde
2585 3024 2655 3081 ut
2701 3016 2867 3080 colli—

162 3131 425 3203 25gerem
469 3125 839 3211 oppiniones
886 3124 1299 3209 singulorum,
1346 3123 1575 3210 quibus
1620 3125 1966 3210 perspectis
2013 3122 2146 3187 Sua
2182 3124 2499 3189 Sanctitas
2544 3126 2732 3188 sciret
2775 3146 2869 3189 re·

234 3249 365 3310 gere
407 3232 809 3296 indictionem
865 3230 1249 3313 faciendam,
1308 3253 1388 3295 ne
1448 3231 1607 3295 forte
1669 3230 1849 3294 fieret
1903 3230 2139 3294 frustra
2194 3238 2258 3295 et
2313 3232 2379 3295 in
2439 3238 2871 3317 contemptum

235 3334 379 3399 sedis
423 3338 822 3424 apostolicae,
869 3339 922 3402 si
967 3338 1139 3402 facta
1182 3338 1401 3402 fuisset
1445 3336 1817 3403 inconsultis
1871 3336 1990 3400 hiis
2036 3337 2414 3402 vestralibus
2458 3335 2869 3424 principibus.

233 3440 279 3504 is
320 3445 532 3509 modus
579 3445 701 3509 fuit
744 3445 983 3509 Romae
1043 3444 1336 3509 laudatus
1395 3453 1458 3509 et
1503 3444 1585 3509 ab
1643 3466 1791 3530 rege
1837 3444 2264 3509 Romanorum
2325 3453 2388 3509 et
2431 3444 2514 3509 ab
2561 3445 2685 3509 ΒΜ
2735 3466 2869 3510 car·

234 3547 421 3615 dinale
478 3552 854 3618 Tridentino
924 3560 987 3617 et
1045 3575 1086 3616 a
1142 3551 1594 3617 Dominatione
1657 3551 1891 3617 Vestra
1947 3551 2075 3616 ΒΜ
2143 3551 2470 3636 laudatus,
2539 3554 2727 3617 etiam
2788 3552 2869 3617 ab

162 3653 364 3720 3011120
417 3658 577 3725 duce
637 3659 980 3724 Willielmo
1040 3668 1104 3724 et
1149 3682 1431 3724 seorsum
1499 3658 1582 3723 ab
1639 3658 1788 3723 ΙΙΙιιιο
1850 3659 2012 3724 duce
2069 3659 2399 3724 Ludovico
2467 3668 2532 3724 et
2598 3659 2870 3746 denique

233 3765 401 3829 etiam
460 3789 499 3830 a
557 3767 686 3831 R¹¹¹⁰
745 3766 1001 3832 domino
1061 3768 1356 3853 episcopo
1419 3767 1806 3852 Augustensi
1875 3770 2052 3851 (nam
2121 3790 2204 3832 ex
2263 3767 2501 3852 aliquot
2558 3767 2869 3853 episcopis

234 3891 374 3955 quos
416 3873 619 3957 adivi,
679 3897 875 3938 unum
935 3874 1102 3939 hunc
1162 3896 1586 3939 commemoro
1598 3924 1617 3957 ,
1685 3876 1795 3960 qui
1853 3873 2003 3937 mihi
2067 3876 2448 3960 prestantior
2507 3874 2764 3939 consilio
2810 3882 2872 3938 et

232 3999 421 4044 rerum
482 3981 874 4067 agendarum
938 3983 1329 4068 experientia
1387 3982 1563 4045 visus
1611 3984 1752 4067 est).
1848 4003 1996 4045 vero
2043 3979 2152 4044 ubi
2200 3980 2647 4045 Monacchium
2694 3980 2869 4065 redii,

232 4082 489 4153 Eckium
535 4090 752 4154 inveni
782 4088 865 4177 ¹),
912 4090 1021 4176 qui
1068 4112 1107 4153 a
1153 4088 1333 4153 vobis
1380 4086 1672 4153 omnibus
1719 4109 1978 4175 prorsus
2023 4095 2086 4153 et
2144 4088 2544 4153 vehementer
2589 4080 2902 4152 dissentit

161 4350 219 4403 35
365 4356 405 4424 ¹)
442 4357 742 4413 Lconhard
776 4374 885 4412 von
920 4356 1071 4426 Eck,
1118 4355 1484 4412 vornehmster
1519 4356 1673 4412 Rath
1709 4356 1815 4411 ΗΖ.
1866 4355 2141 4411 Wilhelms
2175 4373 2281 4411 von
2317 4356 2545 4411 Baiern.
2630 4354 2743 4426 Vql.
2781 4355 2871 4411 die

236 4440 541 4518 Darkyunq
579 4447 673 4502 des
704 4448 947 4517 yleichen
977 4447 1383 4516 Geyenstandes
1406 4447 1710 4516 yeyem'a'ber
1742 4446 1839 4501 der
1859 4446 2024 4502 Gur-ie
2051 4447 2115 4500 in
2141 4464 2224 4501 nr.
2253 4450 2385 4515 158‚·
2419 4447 2872 4501 beachtenswerth

236 4532 325 4601 ist,
374 4533 491 4605 defi
544 4538 619 4591 im
668 4536 1050 4606 vorlieyenden
1086 4536 1273 4602 Briefe
1320 4554 1401 4590 an
1454 4536 1562 4590 den
1599 4536 1874 4591 Cardinal
1926 4553 2031 4591 von
2079 4535 2346 4605 Salzbury
2396 4536 2492 4589 der
2539 4536 2707 4590 Basis
2750 4534 2872 4589 und

241 4620 653 4696 Voraussetzunq
710 4625 806 4679 der
852 4626 1149 4681 Eck’sehen
1198 4625 1462 4693 Ansicht,
1517 4625 1761 4679 nc'intlich
1815 4624 1912 4679 der
1962 4627 2346 4695 yewaltsamen
2407 4624 2716 4679 Eaeecution
2773 4624 2870 4679 der

239 4711 728 4771 Concilsbescmasse
766 4715 939 4770 durch
976 4716 1085 4770 dm
1120 4715 1339 4782 Kaisar,
1377 4715 1545 4768 kaum
1577 4714 1810 4784 yedacht
1845 4714 2002 4768 wird.
