3500 5300
545 307 657 370 2²8
1353 309 1452 365 No.
1492 308 1799 364 103—104:
1839 307 1981 363 1534
2013 307 2125 361 Juli
2162 307 2405 362 11.—16.

307 512 533 637 Jffldn
549 530 675 572 non
722 508 789 573 fa
832 509 943 594 piil
990 508 1181 572 stima
1225 504 1331 571 del
1374 527 1568 591 regno
1614 505 1719 570 nel
1767 507 2025 570 avenire
2072 503 2138 568 di
2185 503 2398 588 quello
2444 502 2564 568 che
2610 503 2692 568 ha
2738 502 2901 568 fatto
2945 503 3071 567 fino
3133 501 3217 567 ad

551 615 722 680 hora.

728 721 1137 807 Monsignor,
1204 723 1353 786 tutti
1402 725 1574 807 (pare
1622 743 1659 785 a
1718 723 1843 800 me)
1901 722 1956 784 si
2016 739 2431 784 commoveno
2490 719 2658 783 assai
2703 739 2818 803 per
2885 718 2903 780 i
2975 719 3216 803 proprii

552 828 869 894 commodi
916 837 983 893 et
1026 829 1261 914 piaceri
1323 827 1443 892 che
1500 830 1830 904 ricevano,
1897 826 2001 890 chi
2070 848 2186 912 per
2236 824 2491 910 grandi,
2559 824 2664 889 chi
2730 846 2848 910 per
2912 823 3216 889 mediocri

555 945 622 1001 et
712 935 969 1022 piccioli
1037 933 1315 1000 secondo
1394 934 1459 999 la
1536 936 1904 1021 proportion
1983 931 2153 1017 degli
2221 931 2538 996 huomeni.
2618 936 2796 995 vorei
2865 931 3222 996 volentiera
3238 938 3275 993 5

554 1041 791 1108 vedere
870 1065 987 1128 per
1065 1043 1345 1127 servigio
1427 1049 1493 1106 et
1570 1063 1687 1127 per
1763 1039 1928 1105 bene
1996 1039 2062 1104 di
2134 1039 2373 1103 Nostro
2456 1037 2724 1124 Signore
2804 1037 2925 1103 che
3008 1040 3222 1123 questi

554 1151 935 1236 personaggi
1010 1147 1130 1213 che
1205 1146 1602 1213 domandono
1678 1150 1884 1233 gratia
1958 1146 2207 1212 fussero
2281 1145 2614 1231 gratificati
2690 1144 2774 1211 da
2848 1144 2980 1211 Sua
3053 1146 3224 1211 Bea-

556 1254 877 1322 titudine..
921 1261 956 1320 0
999 1277 1163 1341 poco
1210 1263 1277 1320 et
1320 1278 1401 1319 ne
1461 1260 1588 1345 puo
1646 1254 1847 1320 haver
1902 1252 2233 1319 commodo
2280 1253 2403 1318 allo
2448 1254 2734 1318 incontro
2779 1252 3223 1338 grandissimo.

556 1385 746 1449 sopra
788 1364 941 1427 tutti
988 1364 1154 1428 saria
1198 1360 1281 1427 da
1326 1361 1426 1426 far
1468 1364 1724 1448 piacere
1771 1384 1810 1427 a
1852 1363 2255 1445 monsignore
2301 1359 2367 1424 di
2413 1357 2786 1445 Rogandorf
2802 1409 2817 1440 ,
2863 1359 2984 1425 che
3042 1368 3078 1425 e
3135 1363 3224 1425 ri-

556 1477 760 1535 masto
806 1469 962 1534 hora
1007 1468 1073 1533 di
1119 1472 1449 1534 auttoritta
1495 1469 1541 1533 il
1584 1471 1908 1555 maggiore
1955 1489 2258 1554 appresso
2305 1467 2351 1531 il
2395 1489 2482 1532 re.
3241 1473 3312 1527 10

314 1578 439 1635 Juli
472 1581 540 1632 13
734 1576 905 1641 Luni
953 1574 1084 1641 Sua
1126 1576 1383 1641 Maesta
1427 1598 1512 1640 va
1557 1574 1641 1640 ad
1684 1597 1813 1640 una
1857 1596 2045 1640 08888
2089 1596 2212 1639 0011
2253 1574 2317 1639 18
2359 1575 2580 1659 regina
2625 1576 2891 1639 insieme
2938 1583 3006 1638 et
3050 1580 3224 1639 stara

557 1683 703 1749 fuor
746 1681 815 1748 di
859 1681 1069 1769 Praga
1112 1691 1209 1747 tre
1255 1704 1294 1746 0
1341 1691 1595 1767 quattro
1653 1684 1878 1767 giomi.
1968 1683 2273 1746 ritornato
2328 1684 2772 1748 comminciara
2834 1705 2872 1747 a
2924 1684 3225 1766 negociar

297 1794 422 1850 Juu
456 1809 537 1847 a·
557 1813 678 1857 con
722 1789 978 1856 Moravi
1026 1797 1092 1854 et
1134 1791 1242 1876 poi
1287 1789 1392 1854 n'el
1436 1789 1559 1853 fine
1606 1789 1672 1854 di
1718 1797 1948 1875 questo
1993 1811 2167 1854 mese
2214 1811 2283 1853 se
2328 1792 2546 1855 avias-a
2587 1810 2777 1856 verso
2824 1787 3064 1867 Slesia,
3109 1812 3226 1875 per

556 1897 825 1965 Lusatia
868 1897 1046 1976 oltra,
1093 1904 1156 1960 ετ
1199 1919 1392 1962 801188
1430 1899 1701 1961 ritornar
1744 1898 1856 1983 pisi
1902 1919 1942 1961 a
1969 1894 2178 1981 Praga
2221 1918 2291 1961 se
2336 1918 2417 1961 ne
2462 1895 2699 1962 andare
2740 1918 2857 1983 per
2899 1898 3010 1962 via
3054 1895 3226 1962 della

557 2005 854 2070 Moravia
914 2006 980 2068 in
1024 2003 1325 2083 Austria,
1382 2002 1448 2067 di
1505 2002 1694 2068 modo
1754 2004 1875 2069 che
1933 2005 2001 2067 in
2080 2025 2267 2068 cerca
2337 2014 2420 2070 50
2476 2006 2681 2088 giomi
2748 2005 3090 2090 pervenira
3154 2005 3222 2067 in
3244 2009 3316 2064 15

557 2110 852 2190 Vienna,
910 2109 979 2176 di
1039 2110 1211 2196 quali
1266 2109 1461 2175 buoni
1533 2119 1616 2178 25
1677 2114 1732 2175 si
1792 2109 2189 2197 spendarano
2248 2110 2596 2175 solamente
2653 2113 2720 2175 in
2788 2110 2887 2176 far
2953 2113 3224 2176 camino.

558 2216 978 2284 raccomando
1024 2217 1180 2282 hora
1236 2240 1338 2283 me
1384 2216 1731 2283 medesimo
1779 2241 1832 2283 a.
1878 2216 1969 2284 V.
2016 2216 2114 2298 S.;
2161 2217 2220 2282 el
2266 2217 2472 2303 quale,
2529 2216 2824 2283 havendo
2883 2221 3094 2283 animo
3152 2217 3225 2283 di

562 2328 777 2413 seguir
821 2326 867 2390 il
912 2348 981 2391 re
1027 2324 1192 2391 dove
1240 2325 1365 2411 egli
1411 2349 1513 2405 va,
1558 2326 1761 2411 soglio
1808 2348 2144 2392 consumar
2186 2327 2706 2412 precipuamente
2760 2348 2878 2412 per
2921 2328 2944 2390 i
3005 2328 3227 2412 viaggi

561 2433 625 2499 la
666 2435 805 2498 vita
848 2442 915 2498 et
957 2432 1021 2498 la
1063 2431 1262 2498 robba
1308 2432 1739 2498 incredibil-et
1784 2431 2372 2498 intolerabilmente.
2463 2455 2566 2497 ma
2612 2435 2759 2519 ogni
2805 2454 2959 2497 cosa
3002 2433 3229 2498 volen-

561 2542 724 2606 tiera
766 2543 833 2604 in
880 2541 1157 2625 servigio
1204 2539 1270 2604 di
1317 2538 1575 2606 Christo
1622 2548 1688 2605 et
1732 2539 1799 2604 di
1839 2540 2079 2605 Nostro
2126 2537 2411 2625 Signore.
2479 2541 2566 2605 mi
2611 2538 3030 2606 raccomando
3075 2538 3227 2605 dico
3247 2546 3318 2601 20

563 2672 603 2715 a
644 2646 737 2715 V.
785 2646 849 2715 S.

318 2774 443 2829 ,ωε
477 2777 545 2828 11
739 2754 829 2821 Di
873 2754 1083 2840 Praga
1126 2755 1234 2821 alli
1286 2766 1360 2823 11
1412 2755 1478 2820 di
1524 2756 1724 2841 luglio
1776 2763 1965 2822 1534.

315 3024 441 3079 Juli
478 3026 548 3077 16
563 3004 720 3073 104.
826 3004 1124 3088 Veryerio
1167 3024 1260 3069 an
1307 3003 1754 3070 Carnesecchi:
1813 3005 1967 3070 iiber
2011 3005 2154 3070 eine
2200 3004 2260 3071 J
2254 3004 2590 3088 aydpartie
2634 3005 2752 3069 mit
2796 3005 2936 3069 dem
2981 3004 3225 3088 Κόηί9,

565 3113 677 3178 der
720 3111 853 3177 ihm
899 3132 968 3177 so
1008 3112 1200 3195 yrqsse
1249 3110 1462 3178 Gunst
1507 3112 1770 3192 erweist,
1831 3111 1963 3194 dast
2006 3134 2076 3177 er
2125 3133 2209 3178 zu
2243 3110 2558 3195 jeylichen
2615 3109 3228 3195 Unterhandlunyen
3271 3139 3276 3142 ·

562 3218 875 3286 awischen
917 3217 1125 3300 Papst
1169 3218 1309 3283 und
1348 3218 1571 3303 Κόηἱ9
1635 3219 1774 3285 sich
1838 3220 1951 3303 fiir
2017 3219 2141 3285 wol
2199 3219 2479 3303 yeeiynet
2542 3218 2695 3283 heiu.
2785 3207 3229 3303 Ᾰᾳβεηιηρεη
3246 3227 3318 3281 25

566 3326 675 3390 des
717 3325 987 3408 Kb‘niys,
1036 3325 1169 3407 dost
1226 3325 1331 3389 die
1378 3325 1523 3391 Zeit
1579 3347 1660 3391 zu
1718 3326 1896 3392 einer
1939 3326 2182 3391 Aktion
2236 3346 2429 3408 qeqen
2487 3326 2590 3390 die
2639 3325 2892 3391 Tiirken
2945 3327 3230 3410 yeeiynet

565 3437 757 3512 todia-e,
801 3452 985 3497 wenn
1027 3452 1156 3496 nur
1200 3431 1603 3498 Frankreich
1647 3432 1933 3499 Frieden
1990 3431 2211 3513 hielte;
2270 3432 2404 3516 dast
2460 3433 2612 3497 aber
2656 3432 3091 3515 Abtretunyen
3137 3454 3230 3498 an

565 3538 989 3617 Frank-cicli,
1034 3538 1155 3604 wie
1215 3537 1510 3622 Veryerio
1562 3540 1865 3622 aemam,
1935 3540 2041 3605 die
2097 3539 2500 3622 Lc‘inderqier
2568 3540 2676 3604 des
2746 3538 3026 3623 Geyners
3094 3561 3230 3605 nur

565 3646 839 3729 steiqem
897 3645 1181 3711 warden.
1289 3634 1457 3714 Uber
1515 3647 1623 3711 des
1683 3646 1961 3713 Kaisers
2017 3646 2213 3711 stola-
2233 3646 2624 3711 abweisende
2679 3645 2977 3730 Haltuny
3033 3668 3228 3730 qeyen

568 3753 973 3820 Frankreich
1015 3752 1154 3818 und
1197 3753 1300 3819 die
1347 3753 1928 3819 Friedensmission
1973 3754 2080 3819 des
2126 3752 2415 3834 Papstes.
2505 3754 2674 3817 1534
2720 3752 2872 3820 Juli
2915 3757 2998 3818 16
3026 3753 3227 3838 Ρνα9.
3245 3763 3322 3817 30

711 3915 834 3970 Ans
881 3913 1049 3982 Bona,
1105 3914 1271 3970 Arch.
1332 3914 1453 3969 Vat.
1504 3913 1681 3969 Nunz.
1731 3915 1788 3969 di
1837 3913 2023 3970 Germ.
2061 3914 2185 3970 Vol.
2223 3914 2293 3969 56
2342 3914 2437 3969 fol.
2475 3915 2579 3970 209
2595 3933 2676 3986 sq.
2732 3913 2911 3985 01·ί9.,·
2963 3916 3029 3968 in
3075 3931 3229 3971 verm

781 4002 1052 4059 Bicevnte
1085 4020 1121 4057 a
1156 4003 1196 4057 li
1234 4005 1268 4058 6
1303 4004 1567 4074 d’agosto.

328 4181 455 4237 Jah-
489 4184 552 4234 11
749 4144 986 4227 Queste
1032 4143 1284 4232 alligate
1327 4146 1453 4210 mie
1498 4144 1577 4211 de
1624 4144 1691 4209 (11
1745 4155 1819 4212 11
1859 4145 2029 4210 (110(11
2074 4144 2220 4233 quel
2263 4147 2482 4211 istesso
2528 4147 2750 4232 giorno
2796 4147 2860 4210 ai
2905 4146 3230 4211 secretarii

569 4253 729 4341 regii
786 4252 904 4319 che
960 4251 1019 4317 le
1077 4252 1484 4318 mandassero
1543 4275 1584 4317 a
1629 4252 1897 4336 Trent03
1958 4275 2064 4317 ma
2108 4253 2370 4319 essendo
2415 4255 2477 4318 io
2521 4255 2826 4319 ritornato
2872 4251 3007 4318 heri
3053 4251 3229 4318 dalla

574 4383 765 4427 08888
820 4362 997 4448 regia
1054 4367 1117 4427 et
1172 4361 1475 4426 ritrovate
1528 4357 1586 4425 10
1648 4358 1829 4425 lettre
1884 4361 2010 4426 mie
2067 4360 2344 4426 anchora
2402 4362 2468 4426 in
2525 4360 2739 4446 Praga
2751 4409 2769 4443 ,
2828 4381 2907 4425 ne
2952 4362 3226 4447 agiongo
3245 4370 3322 4424 35

570 4467 829 4532 insieme
873 4467 1070 4554 quest'
1103 4464 1284 4551 altra,
1332 4465 1579 4531 almeno
1624 4488 1739 4553 per
1784 4467 1882 4531 far
1912 4468 2255 4533 riverentia
2299 4491 2339 4532 a
2368 4467 2445 4531 V.
2478 4466 2561 4551 S„
2607 4490 2673 4532 80
2719 4489 2845 4531 non
2886 4468 2952 4532 vi
2997 4490 3226 4533 sarano

571 4574 821 4661 negocii
865 4571 1085 4639 ch'ella
1129 4573 1553 4639 communichi
1598 4596 1717 4639 con
1747 4573 1977 4639 Nostro
2009 4573 2292 4661 Signore.
2371 4574 2416 4640 ss
2459 4596 2530 4639 re
2572 4596 2689 4661 per
2734 4597 2850 4639 sua
2894 4572 3228 4641 clementia

571 4682 856 4748 m'invitb
902 4679 1027 4746 alla
1073 4704 1260 4749 08888
1307 4680 1422 4748 che
1467 4682 1527 4748 io
1576 4682 1785 4751 scrissi
1835 4680 1949 4747 che
1994 4683 2201 4751 devea
2244 4682 2407 4769 fare,
2454 4689 2516 4747 et
2560 4683 2648 4751 mi
2692 4680 2776 4753 ha
2822 4704 2964 4751 8000
3009 4690 3225 4754 tenuta
