3500 5300
379 519 516 568 1536

568 310 675 376 376
1680 316 1778 372 No.
1821 316 1919 372 1¹¹¹:
1961 318 2114 372 1536.

748 514 925 579 Idem
974 523 1067 578 est
1102 513 1404 599 juditium
1467 512 1547 577 de
1605 512 1702 577 liis
1761 516 1867 601 qui
1929 514 2138 578 minus
2202 513 2445 577 idoneis
2507 511 2806 577 benefitia
2859 511 3110 595 locant,
3173 525 3244 577 ut

570 622 840 707 majores
898 644 978 684 ex
1039 618 1350 684 locatione
1410 622 1767 706 percipiant
1827 623 2187 707 pensiones,
2258 620 2771 707 quandoquidem
2840 642 2958 706 per
3025 643 3243 684 sacros

571 751 845 793 canones
914 730 1122 813 sepius
1191 729 1598 791 constitutum
1670 728 1860 791 fuerit
1927 727 2082 791 nulli
2153 727 2338 791 licere
2420 728 2553 790 sine
2624 729 2902 814 episcopi
2987 728 3238 791 licentia

570 838 793 899 missas
838 834 1156 899 celebrare
1181 885 1195 911 ,
1245 832 1568 918 baptizare
1615 857 1731 897 nec
1794 835 1948 921 quid
2009 833 2182 899 alind
2242 835 2375 898 sine
2434 835 2570 919 ejus
2631 836 2940 919 permissu
2998 834 3239 899 facere:

571 965 621 1006 c.
692 944 937 1007 cunctis
968 944 1057 1024 1);
1128 965 1178 1007 c.
1245 939 1455 1004 multis
1525 951 1622 1007 16.
1683 964 1740 1028 q.
1811 942 1960 1024 1²);
2030 965 2080 1005 c.
2152 941 2361 1005 nullus
2440 952 2536 1008 16.
2606 964 2662 1027 q.
2731 944 2887 1022 7³),
2956 951 3019 1005 et
3084 939 3238 1005 alibi
3291 956 3324 1007 5

570 1050 781 1135 sepius
807 1057 879 1131 ⁸).

746 1156 965 1220 Posset
1023 1164 1266 1236 tamen,
1334 1177 1413 1218 ne
1471 1156 1946 1241 exemptionum
2007 1166 2070 1220 et
2126 1155 2514 1220 indultorum
2577 1163 2872 1242 pretextu
2933 1154 3236 1220 ordinarii

569 1261 735 1326 banc
766 1262 1017 1348 culpam
1064 1264 1129 1326 in
1162 1262 1407 1327 Sanmffl'·
1440 1261 1788 1327 Dominum
1837 1261 2137 1328 Nostrum
2185 1263 2492 1348 rejiciant,
2540 1263 2858 1329 Sanctitas
2889 1262 3023 1327 Sua
3069 1286 3237 1328 novo

569 1368 775 1434 edicto
823 1392 1049 1433 cavere
1096 1391 1173 1433 ne
1219 1370 1360 1455 quis
1419 1370 1607 1432 etiam
1665 1371 1947 1456 cujusvis
2004 1371 2425 1457 exemptionis
2484 1379 2598 1434 aut
2655 1369 2884 1434 indulti
2943 1379 3236 1456 pretextu

569 1499 790 1540 curam
836 1478 1191 1539 animarum
1238 1474 1442 1539 alieno
1488 1478 1743 1541 nomine
1790 1478 2109 1563 suscipiat,
2157 1478 2276 1540 nisi
2323 1484 2395 1540 ut
2439 1476 2704 1541 idoneus
2763 1486 2826 1541 et
2889 1477 3014 1542 loci
3075 1477 3235 1542 ordi·
3255 1489 3323 1542 10

570 1585 746 1648 nario
795 1582 1181 1669 approbatus
1229 1584 1435 1666 fuerit,
1484 1607 1653 1647 nova
1698 1585 1888 1647 etiam
1936 1583 2187 1668 adjecta
2233 1606 2397 1669 pena
2442 1593 2504 1648 et
2552 1583 2924 1649 concedenti
2970 1594 3036 1648 et
3079 1586 3230 1648 reci-

568 1692 798 1777 pienti,
862 1712 1240 1776 monereque
1295 1688 1575 1754 locorum
1638 1690 1990 1754 ordinarios
2051 1713 2130 1754 ne
2189 1713 2373 1778 quem
2435 1692 2803 1776 permittant
2863 1692 3036 1756 vices
3091 1715 3236 1756 snas

568 1797 748 1862 alteri
796 1798 1117 1861 comittere
1164 1798 1282 1860 nisi
1329 1796 1426 1860 his
1472 1796 1722 1861 casibus
1785 1796 2015 1884 quibus
2073 1798 2137 1861 id
2198 1796 2281 1861 ab
2345 1797 2688 1883 apostolica
2746 1798 2894 1862 sede
2956 1800 3037 1863 sit
3099 1821 3234 1885 per·

570 1907 827 1969 missum
877 1915 988 1968 aut
1032 1902 1366 1984 indultum,
1413 1926 1536 1991 que
1584 1927 1986 1991 nequaquam
2035 1905 2099 1968 id
2146 1905 2491 1970 concedere
2538 1907 2866 1969 consuevit
2894 1906 3015 1970 nisi
3046 1928 3236 1970 causa

570 2011 761 2075 studii
807 2021 918 2075 aut
977 2034 1122 2075 cum
1181 2013 1321 2097 quis
1379 2013 1443 2075 in
1492 2011 1778 2075 Romana
1840 2014 2016 2076 curia
2074 2010 2175 2075 vel
2236 2012 2431 2076 altero
2491 2011 2930 2076 benefitiorum
2988 2013 3233 2077 residet.
3257 2026 3325 2078 15

572 2121 722 2205 quin
770 2118 958 2182 etiam
1005 2118 1216 2182 forsan
1263 2117 1595 2203 expediret
1639 2141 1744 2183 eos
1792 2119 1874 2182 ad
1921 2118 2326 2184 residentiam
2374 2119 2689 2184 dimittere
2747 2129 2812 2183 et
2856 2141 3082 2205 cogere
3127 2121 3234 2205 qui

571 2227 761 2290 ociosi
811 2235 921 2288 aut
966 2227 1174 2289 minus
1221 2223 1402 2289 utiles
1447 2234 1510 2289 et
1553 2228 1891 2290 necessarii
1957 2227 2022 2289 in
2071 2226 2360 2290 Romana
2419 2228 2597 2291 curia
2656 2249 2896 2290 moram
2957 2225 3232 2308 trahunt,

574 2355 719 2395 cum
768 2330 979 2416 plures
1024 2334 1148 2396 sint
1193 2334 1300 2417 qui
1348 2332 1467 2396 hoc
1527 2332 1660 2397 solo
1721 2335 1786 2397 in
1849 2335 2026 2397 curia
2083 2333 2360 2398 resident
2427 2344 2498 2397 ut
2564 2333 3028 2398 ordinariorum
3093 2355 3233 2398 cen·

573 2462 783 2503 suram
833 2437 1150 2502 declinent
1196 2437 1577 2524 liberiusque
1622 2439 1782 2503 luxu
1835 2450 1900 2504 et
1944 2439 2377 2526 voluptatibus
2423 2439 2823 2526 indulgeant,
2885 2451 2947 2505 et
3005 2440 3064 2504 hi
3111 2443 3236 2504 sint

572 2548 683 2632 qui
729 2545 825 2609 his
871 2544 1139 2632 querelis
1186 2568 1311 2609 non
1359 2548 1669 2610 immerito
1717 2570 1938 2610 ansam
1998 2546 2242 2612 dedere.
2329 2555 2394 2611 at
2453 2547 2550 2611 his
2607 2546 2861 2611 casibus
2920 2546 3150 2634 quibus
3193 2561 3328 2614 aec

574 2654 911 2717 residentia
983 2655 1124 2739 quis
1187 2666 1560 2736 excusatur,
1622 2654 2087 2739 providendum
2140 2657 2302 2719 foret
2369 2665 2438 2719 ut
2495 2655 2958 2720 ordinariorum
3003 2656 3233 2742 juditio

574 2761 890 2825 sufficiens
953 2762 1366 2844 vicesgcrenti
1429 2770 1808 2826 statueretur
1865 2765 2066 2848 portio
2134 2785 2260 2849 qua
2317 2772 2526 2848 posset
2584 2761 2841 2827 honeste
2901 2765 3116 2827 vivere
3173 2774 3234 2826 et

574 2867 1007 2932 incumbentia
1065 2890 1258 2931 onera
1317 2868 1607 2950 sufferre,
1670 2891 1749 2932 ne
1807 2892 1922 2955 per
1979 2878 2320 2953 egestatem
2366 2879 2628 2955 cogatur
2695 2872 2760 2933 in
2808 2880 3232 2956 contemptum

576 2974 884 3039 clericalis
942 2974 1181 3038 ordinis
1240 2996 1560 3060 pannosus
1617 2975 1941 3057 incedere,
2011 2984 2151 3059 aut,
2220 2976 2391 3063 quod
2448 2985 2543 3041 est
2601 2976 3059 3060 detestabilius,
3119 3000 3236 3064 pro

575 3083 979 3146 sacramentis
1047 3092 1109 3146 et
1177 3081 1316 3145 aliis
1384 3104 1508 3167 que
1577 3090 1824 3147 tenetur
1889 3085 2089 3168 gratis
2157 3083 2551 3169 impendere,
2619 3106 2736 3169 per
2802 3086 3233 3169 symoniacam
3254 3097 3324 3149 25

574 3190 953 3274 pravitatem
999 3197 1373 3274 extorquere
1402 3189 1474 3275 l⁹).

755 3295 947 3359 Foret
1015 3296 1203 3359 etiam
1265 3295 1730 3381 providendum
1800 3319 1879 3365 ne
1948 3296 2253 3361 ordinarii
2322 3296 2568 3362 illorum
2640 3299 3082 3363 admissionem
3152 3299 3234 3363 ad

575 3411 865 3489 questum
913 3401 1250 3484 traherent,
1298 3405 1532 3489 exigua
1574 3404 1910 3468 dumtaxat
1956 3406 2296 3469 constituta
2341 3406 2631 3470 mercede
2678 3408 2923 3470 notario
2972 3408 3080 3492 qui
3128 3407 3236 3470 ad·

575 3511 886 3573 missionis
933 3519 995 3572 et
1055 3509 1527 3595 approbationis
1573 3511 1763 3576 fidem
1829 3511 2048 3576 litteris
2107 3513 2339 3577 fecerit.
2434 3511 2674 3600 aliquid
2705 3524 2755 3593 ⁰)
2817 3515 3008 3577 etiam
3068 3516 3234 3599 cogi·

576 3616 839 3680 tandum
889 3627 951 3681 et
997 3618 1059 3679 in
1109 3618 1626 3683 consultationem
1674 3618 2036 3704 ponendum
2097 3619 2260 3683 foret
2317 3643 2400 3683 an
2461 3619 2799 3705 religiosis,
2859 3620 3093 3707 quibus
3153 3621 3322 3686 aba)

576 3722 921 3809 apostolica
966 3724 1112 3787 sede
1159 3724 1259 3788 vel
1316 3748 1534 3789 eorum
1582 3725 2009 3811 superioribus
2054 3728 2436 3811 permittitur
2481 3735 2666 3791 extra
2724 3727 2998 3792 claustra
3057 3751 3237 3815 regu-

721 4018 761 4051 a»
792 4009 891 4050 Bul.
928 4012 946 4049 1
973 4010 1070 4050 add.
1116 4009 1346 4050 inhibeant
1381 4021 1482 4061 ergo
1519 4009 1673 4051 horum
1711 4022 1922 4052 canonum
1961 4012 2221 4053 auctoritato
2260 4012 2449 4054 locorum
2485 4012 2694 4054 ordinarii
2734 4025 2788 4054 ne
2828 4013 2930 4063 quis
2967 4016 3065 4055 sine
3091 4026 3237 4056 eorum

574 4080 791 4133 permissu
832 4092 975 4122 curum
1013 4080 1235 4131 suscipiat
1271 4082 1534 4129 animarum.
1572 4082 1788 4123 neminem
1827 4083 2066 4124 admittant
2103 4083 2191 4125 nisi
2232 4084 2420 4125 moribus
2458 4085 2505 4125 et.
2540 4084 2743 4126 doctrina
2781 4085 2963 4126 idoneos
3002 4087 3050 4127 et.
3086 4087 3130 4128 ci
3166 4087 3236 4137 qui

577 4152 749 4203 propria
776 4152 821 4192 in
849 4163 1034 4203 persona
1056 4153 1182 4204 juata
1210 4165 1261 4194 ex
1290 4164 1426 4192 causa
1454 4154 1522 4194 vel
1553 4153 1774 4205 legittima
1800 4154 2132 4206 dispensatione
2159 4166 2244 4196 non
2273 4155 2542 4204 deserviant,
2571 4159 2724 4198 curent
2760 4158 2812 4197 ut
2839 4157 3023 4198 vicariis
3049 4170 3238 4210 congru

578 4225 834 4274 assignetur
860 4225 998 4274 portio
1029 4227 1080 4265 ut
1105 4225 1157 4265 ab
1186 4223 1365 4264 illicitis
1396 4224 1647 4266 abstineant
1675 4226 1990 4268 exactionibus.
3254 4217 3321 4272 35

722 4314 765 4363 b)
794 4313 881 4353 Re!
925 4316 942 4352 1
970 4313 1066 4353 add.
1100 4313 1211 4362 quod
1242 4314 1293 4353 ut.
1317 4315 1471 4365 maJori
1501 4326 1637 4365 egens
1665 4316 1854 4357 remedio
1881 4317 2033 4367 sepius
2062 4318 2383 4359 conculcamus.

721 4403 763 4453 c)
793 4402 940 4445 mesen
974 4404 1128 4445 Passus
1155 4415 1233 4444 om.
1264 4403 1363 4444 ned.
1392 4406 1426 4444 1.

722 4528 762 4587 ¹)
802 4546 844 4582 c.
884 4533 950 4582 41
990 4528 1156 4582 0216
1192 4546 1239 4596 q.
1281 4534 1324 4582 1.

722 4616 762 4669 ²)
802 4635 844 4671 e.
884 4621 949 4670 51
987 4620 1043 4673 C.
1083 4622 1149 4671 16
1185 4638 1230 4687 q.
1270 4624 1316 4672 1.

721 4704 760 4775 ⁸)
799 4725 841 4761 c.
884 4713 953 4759 18
993 4709 1047 4761 O.
1090 4713 1160 4761 16
1196 4726 1242 4777 q.
1286 4712 1335 4762 7.
2769 4714 2780 4723 “
3255 4720 3322 4773 40
