3500 5300
513 278 625 359 858
1630 298 1727 353 No.
1770 299 1870 353 1²⁸:
1915 299 2067 354 1536.

326 501 463 549 1536
517 497 731 561 omnia
778 496 1018 560 munda
1075 505 1223 559 sunt
1280 493 1495 574 vobis;
1554 506 1617 560 et
1672 517 1725 559 c.
1780 506 1857 561 12
1895 497 1977 578 ¹):
2037 495 2291 560 vendite
2351 518 2474 581 que
2529 494 2863 582 possidetis
2917 503 2984 560 et
3041 491 3195 560 date

517 602 956 685 elemosinam3
1004 612 1066 666 et
1098 602 1364 688 Sapiens
1398 601 1830 666 Ecclesiastici
1864 612 1902 667 4
1952 602 2167 667 docuit
2210 600 2615 667 elemosinam
2664 624 2791 666 nou
2838 601 3188 687 despicien-

516 711 696 774 dam:
754 732 1031 796 quonam
1080 708 1266 772 modo
1312 708 1677 773 damnanda
1723 708 2132 789 mendicitas,
2197 732 2319 795 que
2379 709 2461 774 ad
2520 731 2659 772 eam
2721 731 2838 772 nos
2882 707 3082 772 allicit
3126 717 3194 772 et

516 817 793 881 invitat?

692 922 824 987 Nec
884 922 981 986 his
1049 924 1407 1008 refragatur
1467 922 1637 1008 quod
1697 923 1892 1009 aliqui
1952 921 2445 987 contradicendo
2492 921 2714 986 dixere
2775 921 2974 986 teneri
3030 944 3188 1008 quo·
3245 938 3281 987 ἵ»

514 1030 830 1116 modoque
877 1028 1168 1094 manibus
1214 1031 1459 1116 operari
1495 1030 1690 1116 juxta
1735 1028 1891 1093 illud
1939 1030 2146 1115 prima
2191 1029 2273 1094 ad
2322 1027 2681 1093 Corinthios
2721 1051 2774 1093 c.
2808 1038 2848 1094 4
2877 1028 2964 1116 ²):
3008 1027 3186 1092 labo·

513 1160 727 1201 ramus
774 1144 1108 1222 operantes
1156 1135 1449 1200 manibus
1510 1136 1775 1217 nostris3
1821 1142 1886 1199 et
1930 1136 2134 1221 prima
2181 1133 2577 1200 Thesalonic.
2638 1134 2875 1200 scilicet
2920 1158 2974 1199 c.
3021 1145 3063 1201 4
3093 1133 3186 1221 ⁸):

515 1244 860 1330 operamini
910 1240 1203 1306 manibus
1251 1242 1492 1324 vestris,
1540 1243 1703 1306 sicut
1751 1243 2135 1328 precipimus
2182 1240 2383 1318 vobis,
2431 1250 2498 1305 ut
2545 1240 2803 1307 honeste
2849 1241 3186 1307 ambuletis

513 1349 686 1437 apud
731 1372 839 1414 eos
886 1350 994 1435 qui
1041 1349 1192 1412 foris
1238 1356 1384 1412 sunt
1429 1356 1491 1412 et
1536 1347 1771 1413 nullius
1816 1347 2057 1436 aliquid
2118 1347 2523 1431 desideretis3
2583 1356 2648 1413 et
2695 1359 2732 1414 2
2789 1348 2874 1412 ad
2927 1348 3184 1413 eosdem

513 1455 961 1522 Thesalonicos
1007 1478 1059 1518 c.
1110 1467 1147 1518 3
1178 1453 1266 1542 ⁴):
1330 1477 1536 1541 neque
1580 1456 1780 1540 gratis
1827 1477 2055 1541 panem
2105 1454 2651 1538 manducavimus,
2697 1455 2805 1520 sed
2853 1457 2918 1519 in
2965 1453 3280 1523 laborem

509 1570 576 1628 et
619 1563 985 1648 fatigatione
1031 1571 1216 1625 nocte
1262 1568 1323 1625 et
1370 1561 1472 1625 die
1503 1573 1838 1647 operantes
1870 1584 1949 1626 ne
1981 1585 2166 1648 quem
2200 1585 2648 1647 gravaremus3
2694 1570 2758 1626 et
2802 1563 2967 1626 intra
2995 1561 3083 1644 ⁵):
3131 1564 3186 1625 si

513 1670 656 1756 quis
703 1691 825 1732 non
874 1666 1013 1732 vult
1058 1670 1324 1753 operari,
1373 1691 1497 1731 non
1546 1669 1916 1733 manducet:
1964 1692 2046 1733 ex
2095 1668 2190 1732 his
2235 1667 2600 1754 colligentes
2646 1691 2771 1733 nou
2817 1669 3006 1734 licere
3053 1670 3186 1733 cui·

512 1798 702 1863 quam
754 1773 965 1840 valido
1014 1776 1255 1839 victum
1301 1775 1737 1858 emendicare,
1800 1799 1941 1839 cum
1991 1774 2222 1841 debeat
2266 1777 2522 1862 proprio
2582 1774 2800 1841 labore
2846 1773 3001 1840 illud
3062 1774 3188 1839 sibi

512 1904 773 1969 querere
804 1921 910 1962 —,
958 1883 1252 1969 quoniam
1286 1881 1474 1946 altius
1505 1891 1970 1968 perscrutantes
2016 1882 2188 1947 dicta
2231 1883 2498 1968 apostoli
2541 1881 2898 1948 videbimus
2942 1882 3006 1947 id
3054 1904 3186 1947 non

511 1988 804 2054 omnibus
849 1990 1112 2076 precipi,
1157 1988 1268 2052 sed
1314 1987 1413 2052 his
1458 1991 1565 2076 qui
1614 2012 1653 2053 a
1702 1988 1920 2054 labore
1968 2013 2269 2054 manuum
2320 1989 2706 2055 abstinentes
2751 2012 2944 2054 causa
2975 1990 3280 2059 victus15

511 2095 842 2183 aquirendi
889 2097 951 2159 in
1002 2096 1181 2158 varia
1226 2094 1590 2160 incidebant
1635 2105 1931 2183 peccata,
1979 2096 2059 2161 de
2105 2096 2336 2184 quibus
2396 2096 2760 2184 subjunxit:
2819 2096 3185 2161 audivimus

511 2204 682 2267 enim
740 2203 901 2267 inter
962 2224 1078 2265 vos
1137 2201 1443 2288 quosdam
1506 2202 1906 2267 ambulantes
1972 2206 2039 2267 in
2099 2206 2339 2290 quiete,
2410 2203 2562 2268 nihil
2633 2213 3000 2290 operantes,
3071 2203 3184 2267 sed

513 2310 757 2373 curiose
803 2315 1075 2392 agentes.
1166 2308 1263 2372 his
1308 2318 1518 2373 autem
1567 2312 1672 2396 qui
1723 2310 2032 2394 ejusmodi
2080 2319 2244 2392 sunt,
2290 2310 2740 2376 denuntiamus
2783 2319 2848 2375 et
2891 2310 3183 2375 obsecra·

510 2438 655 2478 mur
721 2416 784 2478 in
858 2415 1114 2478 domino
1160 2414 1315 2478 Jesu
1387 2426 1455 2480 ut
1529 2438 1675 2480 cum
1745 2415 1992 2482 silentio
2049 2426 2383 2503 operantes
2447 2441 2634 2482 suum
2700 2440 2930 2504 panem
3000 2440 3178 2482 mau-

510 2520 743 2587 ducent
770 2521 841 2608 Β).
933 2520 1013 2585 de
1059 2519 1289 2607 quibus
1334 2524 1523 2587 etiam
1571 2523 1721 2588 alibi
1771 2522 1965 2588 dixit:
2014 2525 2121 2610 qui
2169 2522 2520 2606 furabatur,
2557 2525 2695 2609 jam
2744 2547 2868 2589 non
2915 2526 3182 2607 furetur,
3201 2541 3276 2592 20

510 2628 711 2715 magis
778 2636 990 2693 autem
1059 2626 1305 2694 laboret
1372 2630 1664 2695 manibus
1724 2632 1886 2696 suis:
1960 2631 2043 2697 ad
2106 2630 2390 2718 Ephesos
2437 2641 2477 2698 4
2507 2633 2578 2717 ⁷).
2675 2630 2922 2697 validos
2988 2633 3180 2697 etiam

510 2734 795 2800 homines
840 2734 1220 2821 prohibuere
1266 2737 1624 2802 mendicare
1685 2736 1855 2824 leges
1921 2738 2306 2826 imperiales»,
2379 2738 2490 2803 hos
2558 2739 2795 2805 scilicet
2863 2741 2972 2825 qui
3041 2741 3181 2804 ocio

511 2850 831 2928 torpentes
897 2840 1143 2907 malunt
1207 2843 1569 2909 mendicare
1637 2867 1829 2931 quam
1907 2844 2196 2911 laborare
2218 2895 2237 2930 ,
2320 2867 2446 2910 non
2521 2845 2617 2910 his
2698 2847 2806 2933 qui
2889 2844 3180 2911 volunta·

510 2950 667 3014 riam
724 2945 1191 3035 amplectuntur
1251 2959 1719 3036 paupertatem,
1781 2975 1973 3038 quam
2040 2975 2185 3039 sepe
2231 2952 2701 3018 commendavit
2754 2952 3050 3018 dominus
3094 2954 3180 3018 ad

510 3055 910 3140 perfectiouis
981 3063 1216 3119 statum
1277 3057 1822 3144 consequendum:
1884 3058 2036 3123 Mat.
2107 3070 2184 3125 19
2215 3059 2302 3147 ⁸):
2375 3061 2427 3124 si
2501 3062 2597 3124 vis
2649 3083 2785 3125 esse
2844 3062 3274 3147 perfectura&

510 3160 676 3225 vade
720 3168 784 3225 et
840 3160 1046 3225 vende
1107 3164 1353 3245 omnia3
1413 3175 1476 3228 et
1536 3163 1773 3228 ibidem
1834 3164 2136 3230 dixerunt
2195 3165 2493 3252 apostoli:
2560 3190 2705 3232 ecce
2765 3166 3180 3255 relinquimus

509 3267 723 3332 omnia
780 3275 894 3332 etc.
924 3267 995 3355 θ).
1100 3279 1163 3332 et
1221 3269 1449 3334 Jacobi
1523 3274 1697 3357 21ομ
1770 3295 1978 3337 nonne
2049 3272 2227 3337 Deus
2293 3272 2480 3359 elegit
2547 3296 2861 3362 pauperes
2925 3276 2993 3339 in
3059 3274 3180 3340 hoc

510 3373 792 3438 mundo?
883 3383 946 3439 et
991 3374 1167 3439 Luce
1222 3381 1427 3455 14¹¹):
1488 3381 1690 3442 omnis
1760 3401 1842 3442 ex
1904 3378 2086 3444 vobis
2145 3381 2253 3467 qui
2314 3403 2436 3446 non
2495 3383 2819 3446 renuntiat
2887 3381 3180 3447 omnibus

508 3503 631 3567 que
675 3480 989 3568 possidet,
1062 3504 1188 3546 non
1257 3492 1462 3570 potest
1507 3508 1683 3549 meus
1742 3508 1877 3550 esse
1937 3486 2299 3573 discipulus.
2390 3489 2561 3574 quod
2624 3489 2741 3553 etsi
2801 3489 3009 3575 glossa
3067 3512 3176 3554 ex·

509 3594 705 3672 ponat
749 3590 1110 3653 renuntiare
1156 3589 1449 3654 omnibus
1495 3594 1833 3657 convenire
1880 3592 1976 3657 his
2031 3596 2140 3680 qui
2185 3595 2273 3658 ita
2330 3590 2497 3658 licite
2558 3602 2826 3660 utuntur
2885 3595 3273 3665 omnibusao

654 3783 697 3850 ¹)
737 3783 845 3838 Ev.
884 3784 1024 3839 Luc.
1064 3789 1138 3839 12
1173 3803 1224 3840 υ.
1262 3792 1348 3839 33.

653 3871 698 3939 ²)
736 3874 909 3927 zoor.
947 3878 983 3927 4
1018 3892 1065 3928 v.
1106 3879 1282 4018 zan

652 3960 697 4032 ³)
734 3966 766 4016 1
790 3960 1027 4018 Thessal.
1065 3967 1101 4017 4
1136 3983 1182 4020 v.

648 4050 696 4121 ⁴)
733 4054 775 4107 2
803 4051 1041 4107 Thessal.
1077 4057 1114 4107 3
1148 4071 1198 4108 v.
1236 4059 1287 4109 8.

651 4139 696 4198 ‘''l
732 4144 774 4197 2
799 4139 1036 4198 Hasd.
1073 4146 1111 4196 3
1145 4160 1191 4199 υ.
1227 4148 1312 4199 10.
3196 4159 3269 4212 35

650 4229 696 4298 ⁸)
730 4231 1025 4287 affimat.
1063 4237 1101 4286 3
1133 4251 1182 4289 v.
1220 4237 1297 4287 11.
1338 4238 1426 4289 12.

654 4315 695 4388 ⁷)
735 4320 938 4390 F42hae.
975 4325 1011 4375 4
1046 4338 1095 4377 v.
1130 4325 1221 4378 28.

650 4407 695 4479 ⁸)
734 4409 839 4464 Ev.
877 4410 1063 4465 Math.
1101 4415 1172 4465 19
1208 4429 1254 4466 v.
1292 4416 1376 4467 21.

650 4497 697 4568 ⁰)
733 4498 840 4554 Ev.
876 4499 1059 4555 Math.
1097 4505 1166 4554 19
1198 4518 1248 4556 v.
1285 4504 1375 4557 27.

632 4587 696 4651 ¹⁰)
737 4588 858 4643 Jac.
895 4592 933 4643 2
970 4608 1012 4643 v.
1052 4596 1102 4643 5.
3195 4604 3267 4657 40

630 4677 695 4747 ¹¹>
735 4677 843 4730 Ev.
880 4677 1019 4732 Luc.
1060 4683 1129 4732 14
1168 4698 1209 4735 v.
1247 4684 1335 4736 33.
