3500 5300
588 327 698 389 820
1313 329 1414 384 Nc.
1453 330 1763 384 122-123:
1805 329 1943 385 1534
1977 330 2261 384 December
2299 329 2542 384 10.-18.

381 530 521 580 1534
598 549 779 592 come
826 549 1072 592 avenne
1106 525 1314 591 l'anno
1361 537 1620 612 passato
1653 550 1776 591 con
1821 526 1883 592 la
1927 549 2086 612 pace
2134 526 2255 591 che
2304 526 2378 590 fu
2423 526 2589 590 fatta
2634 548 2756 590 con
2801 525 3158 610 lantgravio
3206 524 3272 589 di

336 604 469 659 Dec·
512 602 581 664 1⁰
597 633 835 699 Hassia
882 644 945 698 ct
991 637 1129 699 suoi
1179 633 1607 699 confederati:
1671 637 1796 699 essi
1855 657 2045 699 erano
2093 635 2374 698 coniunti
2425 633 2523 696 661
2572 657 2639 697 16
2685 632 2752 696 (11
2799 632 3044 698 Franza
3093 643 3161 698 et
3207 632 3273 697 di

598 741 833 826 Anglia
893 751 958 806 et
1016 740 1097 806 da
1158 743 1306 805 tutti
1354 741 1479 805 due
1527 744 1749 806 aiutati
1798 763 2081 806 mossero
2126 763 2355 824 guerra
2399 763 2438 804 a
2483 750 2709 825 questa
2753 740 3036 819 Maesta,
3101 750 3170 805 et
3215 739 3275 804 la

597 852 951 914 intentione
998 848 1063 912 di
1111 848 1358 913 Franza.
1404 871 1528 928 616,
1573 850 1813 913 61661116
1860 851 1881 912 1
1915 850 2054 913 61161
2088 846 2485 912 confederati
2532 846 2863 912 medesimi
2911 847 3122 911 hanno
3165 849 3274 934 poi

598 956 796 1036 detto,
842 955 909 1020 di
956 954 1195 1020 dovere
1242 957 1351 1041 poi
1399 978 1542 1020 esso
1587 966 1820 1021 metter
1864 958 1928 1019 in
1993 954 2153 1019 altra
2196 964 2377 1041 parte
2425 955 2484 1018 le
2531 977 2645 1019 sue
2693 955 2900 1034 forze,
2954 952 3274 1040 sperando
3321 971 3351 1022 5

599 1063 665 1128 di
709 1065 975 1128 riuscire
1035 1086 1074 1127 a
1129 1063 1231 1127 far
1286 1065 1386 1126 616
1433 1063 1553 1127 6116
1601 1062 1965 1142 intendeva‚
2011 1071 2255 1127 mentre
2301 1062 2421 1126 che
2468 1071 2696 1148 questo
2745 1061 2932 1127 Ser¹¹¹⁰
2977 1085 3048 1126 16
3093 1061 3274 1126 fosse

599 1181 767 1234 stato
814 1178 1127 1256 occupato
1174 1193 1211 1235 a
1257 1169 1610 1234 difendersi
1657 1173 1722 1234 in
1758 1169 2105 1236 Germania
2152 1178 2216 1233 et
2246 1169 2331 1234 da
2360 1169 2749 1254 Lantgravio
2784 1178 2846 1233 et
2893 1168 3059 1233 dalle
3107 1178 3275 1233 sette

600 1277 899 1357 heretice,
946 1278 1179 1363 perche
1227 1300 1499 1363 sperava
1545 1278 1665 1342 che
1722 1287 1889 1342 tutte
1946 1279 1998 1342 si
2047 1278 2394 1342 havessero
2441 1300 2480 1341 a
2525 1276 2802 1342 sollevar
2845 1276 3081 1341 alhora.
3174 1299 3277 1340 ma

600 1383 870 1449 essendo
918 1386 1163 1468 seguita
1193 1394 1621 1471 prestamente
1670 1385 1730 1450 16
1773 1408 1932 1471 pace
1965 1407 2087 1449 con
2117 1384 2507 1468 Lantgravio
2540 1393 2606 1448 et
2649 1384 2736 1468 gli
2784 1384 2954 1463 altri,
3002 1383 3047 1447 11
3091 1406 3161 1448 16
3211 1382 3277 1447 (11

600 1491 845 1557 Franza
916 1490 1302 1557 vedendossi
1362 1491 1445 1557 da
1504 1493 1636 1556 loro
1707 1491 2152 1557 abbandonato
2200 1498 2233 1555 6
2280 1490 2514 1556 andato
2561 1490 2841 1556 etiandio
2888 1514 3006 1577 per
3049 1500 3280 1577 questa
3300 1506 3358 1559 10

601 1622 794 1665 661166
851 1598 1208 1664 differendo
1269 1601 1289 1662 i
1348 1602 1485 1664 suoi
1547 1602 1748 1664 motti.
1844 1610 1909 1665 et
1972 1605 2111 1665 6661
2171 1598 2318 1663 (1166
2377 1601 2664 1663 aveniria
2725 1622 2842 1685 per
2899 1599 2959 1662 16
3008 1621 3160 1663 6666
3210 1597 3276 1663 (11

600 1706 915 1792 Ungaria:
974 1706 1105 1772 Sua
1146 1706 1403 1772 Maesta
1434 1712 1477 1789 ¹)
1525 1717 1914 1772 certamente
1984 1709 2155 1774 tiene
2224 1715 2452 1771 stretta
2495 1706 2914 1790 intelligentia
2961 1705 3063 1770 661
3109 1704 3279 1772 Voi-

600 1813 772 1880 voda
840 1823 906 1879 et
972 1836 1173 1900 pensa
1220 1814 1548 1879 valer-sene
1609 1817 1676 1878 in
1721 1814 1949 1879 alcuna
1993 1836 2110 1879 6116
2152 1817 2459 1900 impresa,
2528 1836 2711 1878 come
2770 1812 2837 1877 di
2883 1812 3279 1898 Lantgravio

602 1921 835 1987 voleva
878 1922 1048 2001 fare3
1094 1944 1199 1986 ma
1242 1920 1355 1985 se'l
1404 1920 1713 1987 Voivoda
1758 1923 2009 1986 facesse
2056 1921 2203 1986 dico
2252 1943 2397 1986 esso
2444 1943 2604 2007 paee
2653 1943 2774 1985 con
2821 1929 3052 2007 questo
3088 1918 3280 1985 Ser¹¹²⁰

601 2052 690 2109 re,
735 2029 909 2093 forse
970 2029 1089 2093 6116
1136 2028 1381 2093 Franza
1425 2028 1753 2115 perdendo
1812 2029 1872 2094 le
1934 2028 2321 2093 commodita
2381 2038 2447 2093 et
2503 2028 2562 2093 le
2610 2026 3119 2093 confederationi
3165 2027 3282 2091 (16-
3303 2041 3362 2095 15

602 2138 865 2222 poneria
925 2135 1202 2201 ctiandio
1261 2136 1324 2201 la
1370 2136 1633 2200 volunta
1690 2136 1756 2200 di
1819 2159 2165 2201 conmover
2219 2159 2475 2221 guerra,
2537 2134 2703 2201 onde
2750 2137 2861 2221 pin
2908 2135 3281 2200 facilmente

605 2245 659 2307 si
720 2245 927 2329 potria
984 2246 1091 2330 poi
1151 2242 1377 2308 redure
1447 2242 1529 2308 ad
1590 2267 1715 2309 una
1771 2244 1977 2309 ferma
2036 2254 2101 2309 et
2154 2266 2379 2309 secura
2422 2266 2583 2330 pace
2629 2243 2797 2308 nella
2841 2242 3282 2322 Christianita,

605 2373 794 2415 senza
850 2350 912 2416 la
970 2351 1154 2437 quale
1214 2358 1248 2414 6
1303 2349 1387 2415 (16
1446 2350 1706 2415 616(1616
1767 2352 1886 2416 6116
1943 2350 2559 2416 incommodamente
2619 2353 2674 2416 si
2735 2352 2943 2437 potria
3004 2350 3190 2415 farne
3237 2351 3281 2414 il

606 2457 878 2522 concilio
924 2469 1103 2522 tanto
1151 2459 1528 2523 6666666116.

782 2564 868 2629 Et
917 2576 1141 2651 questa
1173 2567 1655 2652 compositione,
1702 2566 1822 2630 6116
1868 2568 1931 2630 16
1979 2565 2145 2644 (1166,
2189 2575 2288 2630 tra
2329 2564 2733 2631 Ferdinando
2781 2574 2842 2630 et
2889 2566 2936 2629 il
2967 2563 3364 2632 Voivodaffl)

606 2683 993 2738 certamente
1053 2674 1386 2751 riusceria,
1433 2697 1471 2738 6
1516 2674 1663 2760 quel
1710 2675 1830 2738 6116
1877 2678 1941 2737 16
1990 2673 2188 2754 vedu,
2235 2698 2304 2740 sc
2352 2674 2600 2741 Vostra
2643 2672 3056 2739 Beatitudine
3107 2675 3172 2738 vi
3224 2676 3275 2738 si

604 2784 1044 2868 interponesse
1095 2793 1158 2846 et
1219 2804 1339 2845 6611
1387 2781 1518 2846 8116
1561 2781 1818 2846 Maesta
1866 2793 1932 2846 et
1975 2805 2098 2846 con
2143 2782 2353 2847 alcuni
2401 2783 2682 2869 primarii
2727 2780 2972 2866 Ungari
3021 2781 3280 2846 facesse

606 2888 670 2953 di
720 2889 916 2953 officii
964 2912 1001 2953 a
1050 2888 1556 2974 persuademela‚
1604 2899 1667 2953 et
1708 2894 1863 2975 pero
1910 2889 2056 2953 (1166
2105 2888 2383 2954 ctiandio
2432 2913 2551 2954 con
2599 2888 2808 2954 alcuni
2841 2888 3105 2973 Ungari,
3151 2912 3282 2953 non

607 2995 743 3061 solo
808 3019 928 3060 con
988 2996 1031 3059 il
1090 3019 1192 3076 rc,
1250 2997 1485 3083 perche
1546 2998 1673 3060 essi
1734 2997 1930 3060 molto
1989 2997 2259 3061 turbano
2319 2997 2380 3060 la
2438 3019 2598 3082 pace
2646 3007 2713 3060 et
2757 3005 2985 3061 stanno
3032 3019 3110 3060 su
3154 3020 3286 3062 una

607 3104 741 3168 loro
773 3105 1219 3183 obstinatione,
1265 3104 1384 3168 che
1425 3103 1656 3168 (1166116
1688 3103 1753 3167 (11
1800 3127 1926 3168 non
1961 3104 2139 3168 voler
2170 3127 2344 3169 esser
2374 3103 2586 3183 divisi,
2634 3112 2700 3168 et
2729 3126 2854 3167 non
2901 3106 2955 3167 si
3004 3103 3368 3169 facendo25

608 3234 734 3275 una
778 3210 1049 3296 qualche
1082 3209 1361 3275 division
1407 3210 1512 3275 del
1559 3233 1753 3295 regno
1801 3235 1918 3298 per
1961 3211 2008 3275 il
2053 3222 2269 3298 tempo
2316 3212 2436 3276 che
2485 3210 2643 3276 dura
2686 3210 2748 3275 la
2794 3212 2930 3275 vita
2974 3210 3081 3275 del
3113 3209 3286 3279 Voi-

611 3316 798 3397 voda,
845 3340 972 3381 non
1018 3323 1052 3380 6
1098 3317 1404 3403 possibile
1451 3316 1783 3383 d'havervi
1831 3321 2312 3404 compositione.

341 3440 476 3496 Dec.
520 3443 593 3494 10
795 3436 877 3492 10
924 3423 1249 3488 dicembre
1302 3434 1489 3492 1534.

360 3674 494 3730 Dee.
531 3680 599 3730 18
618 3656 774 3726 123.
882 3658 1179 3740 Veryerio
1224 3679 1315 3722 an
1359 3657 1435 3722 P.
1485 3657 1662 3722 Paul
1718 3658 1877 3722 III:
1933 3659 2088 3724 iiber
2143 3660 2247 3724 die
2320 3658 2790 3741 Wiedertc'iufer
2837 3659 3289 3743 Zwinylianer

613 3767 756 3831 und
796 3766 1201 3832 Lutheraner
1258 3767 1333 3829 in
1379 3764 1825 3831 Deutschland
1874 3767 2015 3831 und
2080 3767 2194 3831 der
2249 3766 2561 3845 Schweiz,·
2628 3766 2899 3848 idylicke
2945 3767 3289 3834 Zunahme
3306 3778 3373 3831 30

614 3873 780 3938 aller
825 3873 1067 3951 Sekten,
1116 3873 1231 3939 der
1274 3895 1405 3938 nur
1466 3872 1667 3938 durch
1724 3873 2085 3956 schleuniye
2153 3874 2489 3939 wirksame
2551 3873 3132 3957 Veranstalttmyen
3180 3876 3289 3941 des

615 3980 888 4063 Papstes
951 3985 1260 4063 yesteuert
1326 3981 1578 4046 werden
1645 3980 1842 4063 qum.
1937 3981 2504 4063 Zweckmc‘istiykeit
2562 3985 2813 4061 ‹mysten
2859 3981 3290 4048 Anseblusses

613 4090 727 4155 der
776 4087 973 4155 Curia
1040 4110 1130 4153 an
1193 4089 1316 4155 den
1362 4088 1625 4153 Kaisar.
1724 4088 2215 4170 Gesandtschaft
2275 4088 2553 4153 Hes-sens
2611 4088 2749 4152 und
2817 4087 3289 4173 Wienemberys

613 4219 721 4262 am
763 4197 969 4279 Hofe;
1016 4196 1242 4261 Brucla
1290 4196 1396 4260 des
1434 4194 1735 4260 Gadaner
1765 4195 2082 4261 Friedens
2129 4196 2330 4260 durch
2377 4195 2482 4260 die
2525 4195 2946 4261 hetaerisclaen
2983 4196 3286 4263 Fiirsten.

611 4307 779 4368 1534
826 4303 1166 4370 December
1210 4306 1295 4366 18
1354 4301 1562 4368 Wien.
3305 4314 3374 4368 35

755 4432 880 4484 Aue
926 4428 1188 4498 Venediy,
1226 4428 1374 4481 Bibl.
1413 4428 1594 4482 Marc.
1631 4428 1730 4482 ital
1787 4429 1855 4483 61.
1885 4427 1938 4483 V
1980 4429 2097 4483 cod.
2139 4428 2206 4482 64
2244 4428 2320 4483 fol
2370 4427 2652 4484 voa—71¹³
2693 4427 2851 4483 Cone.
2895 4456 2956 4466 -
3000 4428 3286 4484 Ebendas,

827 4518 920 4573 fol.
960 4520 1139 4573 68⁸-
1164 4517 1270 4572 69¹³
1328 4518 1419 4571 ein
1475 4517 1711 4572 anderes
1750 4517 1992 4587 Concept
2048 4517 2298 4583 (srie‘here
2338 4518 2622 4587 Fcaessunq)
2669 4518 2773 4573 mit
2821 4518 3288 4573 unwesentlichen

828 4608 1282 4679 Abwet'chumqen.

764 4754 805 4823 ¹)
842 4753 917 4808 D.
956 4754 994 4807 i.
1032 4753 1220 4822 Ko'niq
1258 4751 1466 4805 Franz.
