3500 5300
1018 356 1119 412 No,
1160 357 1466 413 199—200:
1504 358 1645 413 1535
1681 357 1896 426 August
1930 357 2176 413 26.—-27.
2824 355 2933 417 503

263 551 563 638 pontifex
606 552 930 618 recusabit
973 562 1143 619 stare
1175 552 1450 620 decretis
1484 575 1718 634 eorum,
1760 564 1823 619 et
1853 563 2005 620 tunc
2038 556 2158 619 erit
2198 556 2543 620 maximum
2581 554 2931 641 periculum

263 659 374 724 vel
420 660 674 726 concilii
723 661 1058 726 nationalis
1105 660 1209 725 vel
1255 660 1514 725 alterius
1559 660 1708 726 mali
1752 660 1917 726 forte
1974 662 2260 747 majoris3
2318 670 2491 727 certe
2550 669 2765 727 tamen
2808 663 2932 726 ista

262 769 679 832 contentione
725 767 1064 834 concilium
1109 766 1456 848 differetur,
1503 777 1567 833 et
1614 769 1668 832 si
1713 768 1825 833 fiat
1869 767 2108 848 dilatio,
2152 769 2305 833 fient
2348 768 2530 834 mala.

444 873 620 952 Quia
682 896 835 940 vero
892 882 1099 939 motus
1161 876 1282 940 iste
1342 876 1518 941 venit
1565 897 1645 940 ex
1703 897 2012 962 responso
2072 875 2364 942 electoris
2422 875 2697 941 Palatini
2710 924 2727 956 ,
2787 874 2932 942 ideo

204 994 242 1047 5
259 980 484 1047 danda
529 989 626 1046 est
657 1003 851 1068 opera
880 991 952 1047 ut
980 983 1183 1069 ipsius
1215 983 1526 1069 principis
1558 983 1922 1069 opinionem
1962 984 2382 1063 immutemus,
2428 984 2484 1048 si
2512 984 2648 1048 fieri
2679 985 2930 1070 poterit.

259 1097 472 1153 totum
533 1112 687 1154 vero
760 1089 882 1154 hoc
940 1091 1275 1175 negocium
1333 1087 1567 1155 Sacrae
1629 1090 1955 1176 Majestati
2014 1087 2297 1156 Vestrae
2366 1088 2674 1157 comendo
2741 1099 2932 1177 atque

261 1217 408 1260 eam
454 1194 679 1282 adjuro
724 1219 841 1283 per
884 1195 1071 1261 fidem
1115 1195 1273 1262 Jesu
1323 1195 1562 1262 Christi
1609 1204 1682 1261 ut
1727 1194 1968 1282 aliquid
1998 1205 2145 1282 agat
2174 1220 2294 1283 pro
2326 1196 2629 1263 mutanda
2657 1196 2929 1263 Palatini

261 1304 586 1389 opinione.
684 1303 838 1368 mihi
884 1325 1039 1368 vero
1086 1303 1443 1368 consultum
1499 1301 1823 1368 videretur
1876 1312 1948 1367 ut
1978 1303 2287 1390 Majestas
2317 1301 2563 1370 Vestra
2591 1303 2675 1369 ad
2703 1303 2932 1372 ducem

261 1408 666 1476 Fridericum
710 1410 1020 1477 scriberet
1065 1419 1135 1474 ut
1179 1432 1324 1475 cum
1369 1410 1567 1476 fratre
1628 1419 1875 1496 ageret,
1944 1410 2313 1476 ostenderet
2358 1411 2708 1497 periculum
2755 1421 2821 1477 et
2865 1414 2932 1477 in

179 1531 245 1586 10
263 1525 550 1581 nostram
596 1521 972 1583 sententiam
1018 1516 1380 1596 adduceret,
1426 1517 1672 1583 scilicet
1715 1541 1797 1582 ne
1828 1516 2061 1582 dietam
2105 1527 2481 1604 promoveat
2510 1517 2719 1599 mode,
2766 1520 2932 1584 sinat

264 1633 336 1688 ut
384 1624 620 1710 singuli
665 1626 986 1711 principes
1020 1623 1400 1691 Germaniae
1448 1624 1618 1689 domi
1668 1647 1822 1690 suae
1853 1647 1891 1689 a
1930 1648 2029 1688 me
2062 1627 2532 1711 interrogentur
2577 1634 2643 1691 et
2670 1648 2933 1712 respon-

262 1730 493 1810 deant,
561 1734 728 1797 sinat
782 1730 1054 1818 denique
1110 1742 1184 1797 ut
1242 1732 1533 1818 pontifex
1596 1754 1741 1797 cum
1803 1729 2115 1797 Caesarea
2162 1741 2229 1796 et
2286 1731 2532 1800 Vestra
2590 1734 2931 1819 Maiestate

267 1838 484 1903 locum
529 1847 783 1925 tempus
830 1848 896 1903 et
939 1840 1182 1925 reliqua
1227 1838 1475 1904 ordinet
1521 1862 1682 1925 quae
1728 1838 1812 1904 ad
1858 1837 2139 1903 futurum
2185 1840 2521 1904 concilium
2567 1844 2856 1905 attinent.

446 1944 760 2010 Turbavit
789 1968 909 2026 me,
955 1949 1229 2032 inquam,
1275 1944 1434 2012 illud
1477 1968 1874 2032 responsum,
1920 1969 2046 2011 non
2091 1954 2304 2011 tamen
2334 1946 2574 2011 ademit
2617 1948 2929 2012 animum!

183 2066 246 2119 15
265 2073 504 2137 sequor
548 2054 717 2117 enim
762 2076 970 2118 meum
1016 2055 1138 2118 iter
1165 2076 1397 2138 magno
1427 2053 1684 2119 fervore
1730 2052 1815 2118 ad
1859 2052 2103 2138 aliquos
2143 2055 2465 2140 principes
2500 2053 2929 2139 Vestramque

263 2158 679 2245 Majestatem
738 2161 1006 2244 Regiam
1074 2163 1408 2226 certiorem
1466 2159 1732 2227 reddam
1794 2159 1874 2225 de
1934 2160 2226 2224 omnibus
2288 2182 2449 2248 quae
2509 2168 2690 2244 gesta
2746 2183 2785 2225 a
2829 2182 2930 2225 me

263 2265 526 2331 fuerint.

445 2371 602 2438 Dux
647 2374 1006 2440 Willelmus
1051 2374 1368 2441 Bavariae
1415 2376 1590 2440 misit
1632 2398 1821 2440 suum
1868 2372 1953 2440 ad
2012 2397 2113 2440 me
2158 2397 2554 2462 responsum,
2600 2374 2773 2464 quod
2817 2374 2929 2440 diu

267 2483 642 2565 expectavi,
721 2481 847 2545 tale
916 2504 1073 2546 vero
1155 2482 1340 2567 quale
1423 2505 1462 2546 a
1540 2482 1709 2547 bono
1794 2483 2082 2568 principe
2152 2491 2288 2547 erat
2359 2479 2775 2568 sperandum:
2859 2503 2928 2545 se

180 2600 247 2655 20
265 2595 604 2675 acceptare
663 2588 1029 2670 Mantuam,
1096 2588 1252 2655 nihil
1320 2611 1542 2656 curare
1609 2591 1675 2654 in
1742 2589 1867 2656 hoc
1935 2591 2205 2675 negocio
2275 2588 2532 2655 decreta
2600 2588 2929 2669 dietarum,

263 2697 586 2760 remittere
632 2718 702 2762 se
747 2697 1032 2783 pontifici
1065 2706 1130 2762 et
1161 2696 1438 2763 Caesari.
1527 2696 1822 2783 idemque
1867 2697 2091 2763 scribit
2135 2696 2219 2762 ad
2264 2720 2366 2762 me
2399 2697 2555 2762 ΒΜ*
2586 2695 2926 2762 cardinalis

265 2800 749 2887 Salzburgensis
783 2808 843 2885 ¹).

266 3071 435 3139 200.
544 3072 823 3155 Ver-yerio
887 3094 977 3136 an
1036 3071 1347 3137 Ricalcati
1361 3094 1383 3136 .·
1449 3072 1815 3138 Ehrenvolle
1881 3072 2243 3154 Aufnahme
2309 3073 2383 3137 in
2453 3071 2665 3155 Speier
2732 3071 2927 3138 durch

271 3178 541 3259 Bisa-hof
571 3179 832 3260 Kapitel
871 3179 1009 3243 und
1052 3179 1534 3263 Bar-mmmm
1572 3181 1858 3263 yzinstiqe
1901 3180 2192 3245 Antwort
2234 3181 2343 3245 des
2386 3186 2678 3245 ersterm.
2770 3180 2924 3244 Em-

183 3285 458 3368 25pfan9
515 3286 682 3350 eines
741 3286 989 3367 Bfiefes
1035 3286 1397 3351 Ricaleati's
1447 3308 1582 3352 vom
1639 3290 1683 3351 8
1739 3287 1884 3352 Juli
1950 3287 2088 3351 und
2130 3287 2561 3370 Ausrichtuny
2617 3287 2725 3351 der
2769 3287 2923 3351 Em-

254 3391 557 3475 pfehlunq
627 3392 731 3457 des
798 3392 1076 3458 letzteren
1143 3416 1233 3458 cm
1299 3395 1417 3459 den
1475 3394 1703 3477 Kimiq.
1810 3393 2135 3478 Hoffnuny
2188 3395 2299 3475 fiir
2359 3394 2671 3459 Ricalcati
2736 3400 2924 3459 etwas

265 3521 382 3564 von
429 3500 808 3564 Ferdinand
850 3500 1204 3566 auswirken
1245 3522 1328 3567 zu
1371 3500 1642 3580 konnen,
1696 3501 1846 3582 falls
1888 3523 1953 3566 er
1996 3501 2158 3566 nach
2202 3501 2364 3566 Rom
2407 3501 2685 3566 kmnmen
2727 3503 2921 3583 dila-fh.

272 3606 447 3671 Bitte
501 3629 612 3671 um
664 3608 902 3689 femere
949 3607 1194 3673 Brevem
1250 3609 1432 3674 sowie
1485 3608 1778 3674 evenbuell
1832 3630 1943 3673 um
2000 3610 2136 3673 eine
2206 3608 2540 3674 Vollmacht
2592 3608 2704 3690 Ῑῖὶν
2762 3609 2923 3674 Vida

268 3713 361 3777 als
404 3715 616 3778 seium
649 3714 1083 3780 Stellvertreter
1126 3738 1231 3780 am
1275 3715 1655 3799 kihziylichen
1701 3716 1880 3797 Hofe.
1972 3720 2132 3782 1535
2178 3717 2430 3798 Auyust
2473 3718 2561 3783 27
2604 3714 2832 3798 Speier.

185 3865 252 3921 30
408 3857 534 3911 Aua
568 3857 724 3925 Rern,
761 3858 909 3913 Bibl.
959 3858 1079 3913 Vat.
1117 3859 1260 3914 3914
1295 3858 1388 3914 fol.
1426 3858 1603 3913 2410
1642 3859 1772 3927 Gop.
1810 3874 1983 3914 coaev.

443 3979 534 4047 V.
579 3980 644 4047 S.
688 3981 925 4047 habbia
968 4005 1055 4048 un
1099 4006 1264 4070 poco
1310 4006 1461 4050 cura
1505 3981 1586 4048 de
1632 3983 1926 4050 intender
1969 3983 2096 4049 ben
2126 3983 2287 4049 bene
2334 3982 2481 4070 quel
2517 3981 2681 4048 ch'io
2711 3984 2921 4050 scrivo

268 4089 433 4154 nella
478 4089 773 4174 colligata
799 4092 865 4171 2),
910 4095 990 4155 ne
1019 4091 1088 4155 vi
1132 4089 1340 4157 faccia
1384 4114 1582 4177 paura
1611 4091 1675 4155 la
1703 4090 2068 4177 lunghezza‚
2113 4091 2234 4157 che
2279 4097 2314 4155 e
2345 4099 2513 4155 stata
2544 4092 2921 4169 necessaria,

269 4196 383 4262 che
428 4220 549 4283 per
591 4206 766 4262 certo
811 4199 879 4262 vi
923 4219 1082 4262 sono
1128 4220 1276 4263 cose
1323 4196 1425 4264 ch'
1469 4200 1827 4285 importano
1873 4200 2057 4264 assai.

440 4303 547 4369 Da
601 4303 1010 4390 Hadalberga
1068 4326 1185 4369 son
1242 4314 1481 4370 venuto
1539 4307 1607 4370 in
1663 4304 1883 4392 Spira‚
1953 4305 2120 4371 dove
2179 4306 2224 4371 il
2285 4328 2560 4372 vescovo
2588 4307 2635 4389 8)
2694 4303 2776 4371 da
2834 4328 2919 4371 un

271 4466 422 4475 Q..

191 4569 255 4624 35
409 4570 451 4640 ²)
493 4571 608 4642 Vq&
642 4589 713 4628 au
745 4588 864 4627 mr.
899 4574 1005 4628 172
1037 4572 1159 4628 und
1197 4576 1315 4628 173.

408 4660 451 4731 ²)
485 4661 574 4717 Im
607 4662 784 4729 Brief
809 4679 927 4718 vom
961 4666 1035 4717 26
1069 4663 1293 4734 Auyust
1327 4679 1414 4718 nr.
1449 4665 1569 4718 198.

411 4751 455 4823 ³)
494 4752 722 4824 Philipp
756 4751 835 4809 II
865 4769 970 4808 von
1006 4751 1325 4810 Flet-aheim.

3004 562 3144 614 1535

2950 632 3094 700 Aug.
3130 634 3209 686 26

2944 3077 3089 3147 Aua.
3125 3080 3200 3133 27
