3500 5300
545 322 655 390 892
1658 327 1757 386 No.
1801 329 2089 388 1*:1536.
3399 0 3500 398 Ὶ

358 531 495 579 1536
550 536 732 591 vatus
792 549 1012 591 servus
1073 527 1367 610 ignobilis
1427 535 1618 613 atque
1679 530 1869 592 etiam
1928 530 2055 607 vir,
2126 530 2181 592 si
2241 527 2473 592 femine
2532 535 2964 613 comparetur3
3035 529 3212 593 sicut
3491 461 3500 588 l

548 636 739 697 etiam
784 636 1207 719 conspicimus
1256 633 1531 699 nobilem
1577 636 1795 719 majori
1843 633 2012 698 affici
2059 633 2325 698 infamia
2368 636 2424 697 si
2470 632 2551 698 ad
2595 655 2881 699 carceres
2913 634 3215 699 trahatur
3489 595 3500 736 1

547 762 735 825 quam
780 742 832 805 si
885 740 1180 824 ignobilis
1229 744 1416 805 etiam
1466 743 1663 826 virgis
1710 739 1988 806 cedatur.

724 849 815 910 At
861 845 941 911 de
988 848 1237 912 clericis
1283 871 1428 911 cum
1472 870 1599 912 non
1647 846 1872 914 deceat
1921 869 2028 913 eos
2074 871 2113 913 a
2155 847 2355 933 laycis
2396 848 2868 932 magistratibus
2914 847 3211 933 judicari,
3485 755 3500 1022 1

548 961 615 1018 ut
662 952 817 1017 alias
862 953 1050 1039 plene
1097 951 1492 1032 deduximuS‚
1539 957 1801 1039 ipsaque
1848 955 2121 1019 ecclesia
2163 965 2312 1041 post
2354 956 3005 1020 excomunicationem
3053 977 3212 1020 ana-
3261 962 3298 1015 5

546 1059 755 1123 thema
816 1058 1274 1146 depositionem
1335 1071 1399 1124 et
1457 1082 1742 1126 carceres
1805 1083 1932 1124 non
1977 1059 2173 1124 habet
2228 1062 2391 1126 ultra
2434 1060 2590 1146 quid
2646 1062 2877 1128 faciat:
2938 1085 2994 1127 c.
3055 1085 3208 1129 cum
3495 1061 3500 1172 1

546 1189 671 1231 non
703 1166 784 1231 ab
816 1166 1067 1230 homine
1102 1166 1183 1231 de
1210 1166 1363 1252 judi.
1395 1167 1438 1246 ¹)
1456 1192 1473 1246 ;
1507 1207 1588 1215 —-
1623 1177 1685 1231 et
1720 1189 1922 1252 usque
1953 1166 2113 1231 adeo
2146 1171 2514 1252 sanguinem
2545 1168 2797 1235 horreat
2828 1178 2900 1234 ut
2928 1169 3208 1235 clericus
3495 1185 3500 1310 f

543 1274 953 1360 temporalem
1000 1273 1296 1337 obtinens
1340 1273 1840 1358 jurisdictionem
1883 1296 2001 1360 per
2043 1297 2112 1339 se
2169 1277 2376 1362 ipsum
2435 1278 2812 1341 sententiam
2870 1278 3206 1361 sanguinis

544 1380 828 1465 proferre
861 1379 1293 1465 prohibeatur:
1341 1402 1395 1443 c.
1428 1383 1808 1446 sententiam
1840 1382 2162 1465 sanguinis
2194 1404 2273 1445 ne
2304 1381 2474 1447 cleri.
2505 1383 2612 1448 vel
2642 1404 2845 1448 mona.
2872 1385 2920 1464 3)
2937 1409 2954 1463 ;
3005 1424 3088 1432 —
3137 1395 3212 1448 et

546 1510 687 1550 cum
735 1487 796 1550 hi
845 1488 950 1571 qui
1000 1486 1082 1549 ob
1131 1488 1410 1551 criminis
1443 1485 1841 1552 atrocitatem
1871 1488 1980 1552 vel
2019 1486 2189 1572 quod
2218 1488 2677 1573 incorrigibiles
2708 1491 2852 1567 sint,
2897 1500 3208 1555 exaucto-
3230 1497 3298 1550 10

546 1596 663 1658 rati
711 1594 977 1658 seculari
1026 1592 1363 1658 traduntur
1407 1595 1825 1679 magistratui,
1884 1616 2000 1682 pro
2059 1616 2167 1658 reo
2228 1594 2574 1661 efficaciter
2630 1594 2980 1661 intercedat
3008 1601 3058 1678 ⁸)
3129 1608 3210 1663 ut

545 1704 705 1766 citra
782 1701 1000 1764 mortis
1081 1700 1431 1785 periculum
1507 1703 1826 1766 sententia
1895 1700 2285 1766 moderetur:
2356 1726 2410 1768 c.
2470 1705 2763 1768 novimus
2833 1703 2914 1768 de
2979 1703 3206 1768 verbo·
3499 1695 3500 1770 l

545 1809 726 1893 signi.
754 1809 832 1888 8);
893 1806 1048 1893 quid
1111 1810 1338 1872 mirum
1397 1809 1451 1872 si
1498 1830 1639 1872 cum
1696 1808 2089 1892 corrigibiles
2135 1806 2371 1874 fuerint
2416 1819 2528 1873 aut
2570 1812 2639 1874 in
2682 1809 2781 1874 his
2827 1811 3204 1876 criminibus
3497 1797 3500 1932 1

544 1917 608 1978 in
654 1914 883 2000 quibus
929 1937 967 1978 a
1013 1917 1208 1979 sacris
1254 1915 1605 1979 canonibus
1653 1917 2004 2001 expressim
2048 1925 2304 1980 cautum
2351 1939 2472 1981 non
2534 1916 2659 1980 fuit
2703 1915 2875 2002 quod
2920 1915 3204 2002 depositi

545 2023 718 2085 curie
751 2020 1083 2086 tradantur
1128 2021 1415 2100 seculari,
1460 2023 1673 2085 mitius
1720 2023 1850 2106 agit
1899 2022 2171 2087 eeclesia
2215 2044 2404 2108 quam
2435 2023 2740 2088 secularis
2782 2022 3021 2109 judex?
3080 2046 3204 2088 nec
3226 2038 3294 2092 15
3495 1939 3500 2172 w

545 2149 689 2211 egre
735 2128 1069 2192 ferendum
1128 2131 1183 2192 si
1230 2128 1312 2192 ob
1373 2131 1792 2193 reverentiam
1838 2132 2000 2193 sacri
2046 2132 2381 2194 caracteris
2427 2152 2553 2194 non
2599 2129 2790 2196 facile
2836 2129 3208 2196 effundatur

543 2234 912 2299 clericorum
973 2237 1227 2318 sanguis
1245 2284 1261 2313 ,
1317 2257 1585 2321 quorum
1644 2235 1810 2300 forte
1869 2239 2058 2301 etiam
2117 2236 2324 2301 levius
2376 2235 2594 2301 haberi
2657 2247 2877 2323 posset
2922 2247 3204 2302 erratum

546 2343 907 2422 (attrociora
953 2364 1206 2428 semper
1249 2344 1539 2427 excipio),
1584 2341 1757 2426 quod
1802 2365 1880 2406 ex
1925 2343 2140 2408 multis
2170 2343 2354 2408 bonis
2384 2366 2508 2428 que
2547 2343 2795 2408 faciunt
2824 2343 3208 2410 absorbetur

546 2458 895 2533 peccatum,
940 2458 1011 2513 ut
1057 2448 1191 2515 divi
1222 2448 1466 2513 Thome
1499 2450 1840 2534 Aquinatis
1887 2459 2030 2515 utar
2073 2450 2306 2528 verbiS,
2351 2453 2459 2536 qui
2503 2450 2627 2516 hoc
2662 2450 2744 2516 de
2772 2450 3087 2536 religiosis
3131 2454 3206 2516 in
3495 2405 3500 2484 ⁴

544 2555 887 2620 levioribus
927 2578 1116 2621 ausus
1161 2565 1259 2619 est
1293 2578 1573 2621 asserere
1609 2554 1905 2622 Secunda
1940 2554 2270 2622 Secundae
2307 2567 2508 2643 quest.
2547 2566 2630 2626 86
2674 2581 2759 2624 ar.
2793 2559 2895 2622 fin.
2922 2561 2989 2639 ⁴).
3221 2573 3298 2626 m

724 2664 825 2727 De
873 2665 1246 2728 ceremoniis
1293 2673 1505 2728 autem
1550 2685 1674 2748 que
1734 2666 1800 2727 in
1847 2664 2220 2729 clericorum
2281 2664 2734 2751 degradatione
2792 2669 2954 2731 sacri
3011 2668 3205 2731 insti-

545 2779 803 2834 tuerunt
847 2793 1142 2847 canones,
1190 2792 1314 2834 non
1361 2779 1461 2834 est
1490 2769 1662 2855 quod
1705 2772 1841 2855 jure
1886 2770 2266 2856 reprehendi
2299 2770 2592 2853 debeant,
2638 2772 2887 2858 quando
2917 2772 3204 2860 quidem,

544 2878 712 2941 sicut
757 2878 877 2941 alie
923 2877 1192 2942 ecclesie
1239 2878 1577 2941 cerimonie
1609 2876 1890 2941 fidelium
1934 2882 2178 2943 animos
2209 2878 2293 2943 ad
2340 2878 2747 2945 devotionem
2775 2879 3202 2946 humilitatem

546 2986 959 3069 penitentiam
1006 2993 1071 3048 et
1118 2983 1549 3049 obedientiam
1595 2984 1905 3049 inclinant
1965 2994 2030 3049 et
2073 2994 2456 3072 provocant,
2513 2987 2608 3051 sie
2666 3010 2790 3073 que
2848 2990 2914 3051 in
2973 2986 3203 3072 degra-

546 3089 800 3155 datione
856 3100 1219 3169 servantur,
1285 3091 1555 3156 multum
1612 3094 1872 3155 terroris
1934 3103 2000 3157 et
2066 3095 2310 3158 timoris
2379 3095 2722 3172 incutiunt,
2788 3115 2914 3179 quo
2982 3094 3090 3159 alii
3159 3109 3292 3163 affl

544 3197 888 3262 sceleribus
935 3196 1350 3262 deterrentur.
1442 3220 1557 3262 nec
1602 3200 1831 3263 mirum
1877 3202 1931 3263 si
1978 3201 2045 3264 in
2090 3199 2439 3265 sacerdotis
2494 3209 2606 3265 aut
2664 3201 2925 3266 alterius
2981 3201 3200 3266 clerici

545 3302 1029 3387 degradatione,
1088 3326 1211 3391 que
1257 3305 1479 3369 similis
1528 3314 1626 3370 est
1669 3306 1889 3369 militis
1937 3308 2465 3371 exauctorationi:
2512 3307 2551 3371 l.
2601 3316 2657 3372 2.
2702 3307 2769 3372 ff.
2816 3307 2896 3372 de
2942 3307 3042 3373 his
3089 3312 3200 3395 qui

545 3419 673 3475 not.
706 3410 920 3476 infam.
953 3412 1018 3492 ε5),
1063 3452 1143 3459 ——
1191 3412 1430 3477 similes
1462 3422 1796 3476 servantur
1840 3415 2182 3478 cerimonie
2227 3413 2325 3478 his
2356 3436 2480 3498 que
2523 3415 2589 3477 in
2620 3414 3016 3481 ordinatione
3064 3439 3202 3481 ser-

548 3526 803 3598 vantur,
859 3540 1002 3582 eum
1048 3520 1250 3583 omnis
1295 3541 1397 3583 res
1454 3541 1570 3605 per
1626 3541 2054 3605 quascumque
2113 3542 2335 3585 causas
2395 3523 2707 3599 nascitur,
2764 3545 2877 3607 per
2937 3522 3197 3588 easdem

546 3622 961 3691 dissolvatur:
1020 3625 1061 3690 l.
1106 3625 1196 3689 nil
1255 3634 1385 3690 tam
1431 3626 1716 3690 naturale
1762 3625 1828 3691 ff.
1889 3626 1969 3691 de
2027 3648 2155 3713 reg.
2207 3630 2324 3714 jur.
2351 3630 2431 3710 6);
2488 3628 2527 3693 l.
2579 3641 2634 3694 1.
2692 3628 2949 3714 quando
3007 3630 3293 3697 liceatao

544 3730 626 3797 ab
673 3735 929 3819 emptio·
975 3731 1169 3798 disce.
1197 3734 1243 3813 ⁷)
1259 3758 1277 3813 ;
1322 3732 1360 3795 l.
1405 3735 1571 3798 sicut
1616 3734 1796 3797 initio
1844 3734 1919 3799 C.
1966 3733 2046 3798 de
2092 3737 2275 3799 actio.
2322 3744 2388 3799 et
2431 3734 2672 3820 obligat
2697 3737 2762 3816 ⁸).

686 3981 733 4032 a)
761 3981 861 4024 Bul.
884 3983 905 4021 1
934 3992 989 4024 ne
1017 3981 1138 4024 cleri.
1169 3981 1240 4023 vel
1267 3993 1402 4024 mona.
1432 3984 1478 4023 et
1504 3994 1578 4034 pro
1605 3982 1864 4033 degradatis
1891 3994 1989 4025 cum
2022 3984 2141 4026 curie
2168 3984 2396 4027 tradantur
2423 3984 2611 4027 mauri
2640 3984 2883 4028 emenus«
2908 3986 3168 4029 intercedat.

691 4090 1268 4159 ¹)Lib.1:ltitzc
1305 4095 1392 4146 10

690 4176 899 4247 ⁹)ch.
936 4178 1166 4236 IHtit.
1205 4183 1447 4237 50c..9

695 4268 897 4337 ⁸)1a‘b
947 4268 1435 4326 Vtztaocm
3215 4277 3287 4333 35

770 4358 1008 4415 Thomas
1041 4359 1301 4430 Aquinas
1335 4360 1565 4416 Summa
1600 4361 1770 4416 totius
1806 4361 2119 4433 theoloyiae.

690 4447 1201 4517 )D.111t2t2.

690 4536 730 4606 ⁰)
770 4536 846 4592 D
882 4537 936 4591 L
973 4538 1060 4593 tit.
1096 4543 1165 4593 17
1202 4540 1236 4595 ι.
1277 4542 1363 4595 35.

693 4625 730 4696 τ)
768 4626 843 4682 D
884 4627 1112 4684 XVIII
1141 4631 1368 4686 tiam.
1407 4634 1455 4686 1.

691 4713 714 4744 ⁸
773 4715 1348 4779 0.1Vt··t.101.4.
3212 4728 3285 4783 40

713 4716 733 4789 )
