3500 5300
608 379 717 441 ‘202
934 433 941 438 .
1399 383 1499 438 No.
1538 383 1780 438 54—55:
1821 382 1959 437 1537
1997 381 2210 451 August
2244 382 2490 437 25.—31.

396 584 538 634 1537
610 601 750 660 vea,
799 579 881 643 ad
927 578 1138 644 alcuni
1184 579 1360 665 paesi
1407 580 1720 665 occupati,
1769 578 1942 667 quali
1988 586 2275 665 spettano
2336 577 2396 644 al
2453 599 2649 663 regno
2707 576 2777 641 di
2822 577 3130 660 Polonia3
3177 600 3279 643 ma

331 653 480 721 ‘⁴¹⁴9‘
517 654 591 705 2⁵
609 708 767 772 pure
813 688 863 751 si
912 686 994 750 ha
1039 694 1298 772 operato
1346 692 1519 751 tanto
1566 685 1681 751 che
1728 708 1843 773 per
1887 694 2109 773 questo
2154 707 2321 750 anno
2370 707 2498 749 non
2545 686 2597 749 si
2641 685 2800 749 dara
2835 686 3154 772 principio
3200 684 3282 748 ad

607 792 770 858 altra
814 815 1063 879 guerra,
1111 803 1175 858 et
1219 794 1318 857 fra
1364 800 1583 879 questo
1630 815 1807 859 mezo
1855 793 1986 859 Sua
2031 792 2280 857 Maesta
2323 793 2412 856 mi
2456 790 2542 857 ha
2594 792 2769 857 detto
2816 791 2932 857 che
2979 815 3114 858 non
3161 793 3280 858 dis-

608 923 759 987 pera
804 899 883 964 de
929 907 1179 964 trovare
1238 897 1505 987 qualche
1564 900 1752 965 modo
1814 902 1878 966 di
1933 897 2314 988 pacificarli‚
2377 909 2439 964 et
2485 901 2616 965 cosi
2664 900 2939 965 secondo
2985 898 3280 987 l’oportu-

608 1009 741 1072 nita
785 1007 1245 1094 perseverando
1293 1006 1460 1071 nella
1507 1009 1944 1072 commissione
1990 1007 2055 1071 di
2101 1006 2332 1071 Nostro
2378 1004 2648 1091 Signore
2693 1005 2739 1071 li
2780 1028 2861 1071 ne
2901 1007 3063 1072 ἀπὸ
3110 1006 3283 1095 qual·
3327 1016 3355 1066 ὁ
3483 1031 3484 1048 2

610 1114 726 1180 che
771 1114 1040 1179 ricordo.

787 1221 884 1285 La
941 1229 1165 1306 tregua
1226 1220 1293 1285 di
1339 1220 1625 1287 Fiandra
1657 1225 1706 1308 ¹)
1769 1222 1805 1285 ὲ
1851 1229 2017 1286 stata
2076 1229 2389 1289 accettata
2447 1222 2513 1286 in
2576 1219 2746 1285 mala
2791 1227 2977 1307 parte
3039 1229 3108 1285 et
3166 1243 3282 1285 con

609 1327 777 1393 mala
837 1327 1184 1392 voluntade
1244 1327 1330 1391 da
1388 1336 1607 1416 questo
1665 1328 1851 1394 Ser'¹¹⁰
1896 1351 1998 1411 re,
2059 1338 2122 1394 et
2178 1330 2228 1393 si
2287 1351 2488 1417 pensa
2534 1327 2652 1394 che
2696 1328 2742 1392 il
2787 1336 2950 1393 tutto
2998 1331 3181 1392 serra
3223 1329 3284 1391 in

608 1435 983 1499 detrimento
1030 1434 1111 1499 de
1155 1433 1401 1518 l’ltalia‚
1449 1436 1920 1521 augmentando
1985 1435 2029 1499 il
2073 1457 2143 1500 re
2189 1436 2255 1501 di
2301 1435 2557 1500 Franza
2601 1435 2660 1500 le
2705 1435 2878 1500 forze
2924 1457 3043 1499 sua
3094 1437 3284 1516 costa,

609 1541 782 1629 quali
828 1565 895 1605 se
940 1542 1172 1606 dicono
1218 1564 1422 1606 essere
1468 1543 1638 1608 forze
1683 1541 1786 1608 del
1835 1542 2173 1608 medesimo
2221 1543 2455 1607 Turco.
3305 1551 3358 1603 10

787 1650 955 1715 Sono
1015 1651 1232 1714 venuti
1289 1648 1497 1715 alcuni
1565 1651 1806 1716 rumori
1865 1651 2088 1715 incerti
2161 1650 2277 1716 che
2332 1649 2377 1714 il
2433 1648 2712 1715 Luthero
2759 1650 2795 1714 ὲ
2841 1655 3138 1733 morto⁸).
3229 1650 3288 1713 la

610 1756 759 1844 qual
790 1779 938 1821 cosa
968 1755 1157 1821 credo
1187 1755 1453 1821 sarebbe
1485 1756 1770 1821 dannosa
1813 1756 1939 1820 alla
1984 1757 2124 1821 fede
2156 1756 2484 1837 catholica,
2531 1755 2765 1844 perche
2812 1755 2857 1821 li
2903 1759 2996 1822 soi
3027 1759 3283 1843 seg-naci

611 1902 695 1913 —
745 1886 923 1928 come
967 1865 1174 1928 fecero
1219 1865 1421 1950 questi
1475 1863 1739 1928 Bohemi
1786 1864 1866 1928 de
1919 1863 2201 1929 Joannes
2250 1864 2389 1929 Hus
2445 1900 2529 1911 -
2583 1861 2643 1928 lo
2690 1863 3284 1946 santificarebbeno‚

612 1981 676 2036 et
735 1977 979 2036 mentre
1041 1972 1305 2052 viveva‚
1367 1972 1419 2035 si
1476 1982 1713 2057 poteva
1775 1993 2029 2057 sperare
2090 1970 2356 2058 qualche
2424 1972 2857 2037 retrattatione
2923 1970 3287 2036 voluntaria

612 2077 752 2143 dell'
799 2080 996 2143 errori
1044 2080 1133 2141 soi
1180 2077 1497 2143 mediante
1530 2078 1575 2141 i}
1606 2078 1891 2160 concilio,
1938 2077 2087 2165 qual
2134 2078 2400 2143 sarebbe
2446 2086 2608 2144 stato
2651 2078 2974 2165 singulare
3019 2079 3286 2144 timedio
3302 2086 3362 2139 15

614 2186 679 2251 di
726 2184 1107 2272 persuadere
1156 2186 1357 2271 questi
1405 2185 1624 2271 populi
1671 2187 1779 2271 gia
1825 2185 2177 2251 confirmati
2238 2183 2401 2249 nelle
2458 2187 2851 2272 persuasioni
2898 2208 3027 2252 sue.
3125 2185 3286 2251 altro

610 2315 725 2379 per
769 2291 814 2356 il
857 2299 1147 2378 presente
1193 2314 1317 2355 non
1375 2313 1664 2372 occorre‚
1726 2294 1780 2356 si
1838 2315 1961 2356 non
2028 2292 2145 2357 che
2203 2295 2268 2356 in
2328 2291 2497 2357 bona
2554 2294 2762 2378 gratia
2822 2293 2889 2357 di
2937 2293 3014 2357 V.
3067 2294 3131 2360 S.
3178 2293 3285 2358 ba-

612 2399 810 2465 sando
856 2397 1264 2464 humilmente
1308 2398 1351 2463 li
1396 2399 1567 2485 piedi
1613 2399 1678 2462 di
1712 2398 1944 2464 Nostro
1976 2398 2240 2484 Signore
2286 2401 2373 2462 mi
2419 2400 2845 2465 raccomando
2891 2401 3284 2487 expettando

615 2529 733 2572 con
781 2505 1091 2571 desiderio
1138 2504 1405 2593 qualche
1450 2527 1562 2570 sue
1607 2505 1840 2571 lettere.

337 2635 483 2703 Aug.
521 2636 597 2689 25
794 2630 881 2696 Di
928 2631 1141 2717 Praga
1184 2628 1293 2696 alli
1339 2639 1421 2698 25
1469 2630 1756 2717 d'agosto
1808 2639 1998 2698 1537.
3301 2640 3366 2695 20

349 2922 494 2989 Auu-
532 2924 600 2974 31
619 2918 735 2987 55.
829 2919 1094 2983 Marone
1124 2939 1215 2982 cm
1245 2916 1604 2982 Ricalcati:
1649 2917 1948 2999 Ankunft
1971 2917 2345 2983 Malvezio’s
2388 2919 2529 2983 und
2565 2918 2884 3002 Werbunq
2928 2920 3006 2983 in
3035 2919 3286 2986 Sacken

619 3028 732 3091 der
782 3045 921 3090 ‘com
977 3024 1218 3105 Papste
1274 3026 1415 3089 dem
1482 3024 1802 3090 Cardinal
1856 3025 2146 3089 Fames-e
2203 3026 2666 3090 ἄὸενωίεεεηεπ
2720 3026 2912 3091 Abtei
2975 3026 3282 3109 Vicbn'nq.

617 3132 1205 3215 Schwieriqkeiten;
1265 3133 1365 3195 die
1409 3130 1605 3196 Sache
1658 3133 1822 3195 wird
1864 3132 2002 3196 dem
2051 3132 2557 3198 Provinzialrath
2612 3154 2695 3198 zu
2755 3132 2946 3198 Wien
2991 3134 3286 3217 vovyeleyt

616 3241 875 3305 werden.
971 3239 1402 3321 Verwendtmy
1448 3238 1555 3303 des
1601 3238 1956 3304 Cardinals
1999 3260 2119 3303 von
2169 3239 2391 3304 Tri-ent
2436 3241 2592 3304 beim
2623 3240 2856 3323 Ko'niy.
2949 3228 3121 3308 Uber
3164 3242 3284 3307 den

612 3346 911 3428 plotzlich
956 3345 1417 3410 beschlossenen
1463 3345 1810 3427 Aufbruch
1870 3346 1976 3410 des
2020 3346 2225 3428 Hofes
2276 3347 2443 3411 nach
2513 3346 2732 3424 Wien,
2801 3348 2915 3411 der
2971 3347 3359 3414 vielleicktffi

617 3455 737 3518 mit
786 3454 898 3518 der
944 3452 1206 3517 Absicht
1251 3452 1670 3517 Ferdinands
1714 3453 2283 3536 zusammenhdnyt
2341 3453 2510 3518 nach
2568 3454 2707 3518 dem
2752 3454 3058 3533 erhofflen
3105 3455 3283 3538 &eye

616 3563 693 3625 in
724 3559 1104 3626 Dalmatien
1136 3560 1239 3623 die
1281 3559 1660 3642 unyarische
1690 3558 1893 3625 Sache
1938 3560 2141 3624 durch
2184 3562 2372 3626 einen
2416 3559 2685 3626 raschen
2713 3560 2945 3643 Schlaq
2988 3583 3074 3627 zu
3102 3563 3282 3627 Bada

616 3689 700 3734 zu
743 3667 993 3750 fiihren.
1087 3669 1254 3731 1537
1298 3668 1558 3750 Auyust
1601 3670 1684 3730 31
1732 3665 1929 3749 Pray.

766 3812 890 3866 Aua
924 3810 1156 3879 Neapel,
1200 3809 1431 3864 Grande
1467 3810 1733 3864 Archim'o
1769 3808 1937 3865 Carte
1972 3808 2182 3864 Fames
2238 3809 2398 3864 Fasc.
2439 3810 2543 3864 725
2585 3810 2773 3880 Oria„-
2819 3812 2886 3864 in
2933 3828 3087 3867 verso
3121 3812 3279 3867 Rice-

834 3906 968 3954 vuta
1003 3917 1038 3954 a
1073 3901 1108 3955 5
1144 3899 1432 3955 d'ottobre.
3292 3903 3357 3956 30

347 4027 493 4095 Any.
530 4028 604 4080 27
799 4021 931 4087 Alli
976 4033 1059 4092 27
1108 4025 1174 4089 di
1219 4030 1439 4112 questo
1484 4025 1704 4111 gionse
1749 4025 1858 4111 qui
1905 4026 2269 4110 monsignor
2298 4024 2549 4089 Joanne
2580 4024 2785 4089 Maria
2815 4024 3127 4091 Malvezio
3171 4048 3279 4112 per

622 4152 963 4218 procurare
1010 4130 1072 4195 la
1116 4133 1509 4218 possessione
1555 4131 1697 4196 dell'
1745 4130 2007 4196 abbatia
2064 4129 2227 4196 della
2273 4131 2548 4196 Vittoria
2603 4154 2719 4218 per
2764 4130 2807 4196 il
2855 4133 2983 4197 ΒΜ
3030 4142 3094 4198 et
3137 4133 3275 4197 lll'·⁰

764 4401 808 4448 a)
840 4398 887 4439 Iu
916 4399 986 4438 ιὶω·
1015 4397 1165 4439 lem-zm
1196 4397 1514 4448 Innuet-eanum
1542 4399 1587 4439 in
1616 4410 1727 4439 oerso
1752 4399 1867 4450 beist!
1893 4411 1936 4439 σε
1963 4398 2182 4440 Lutherus
2210 4400 2265 4439 ad
2293 4409 2453 4440 orcum.

768 4506 811 4577 ¹)
850 4507 974 4561 Far
1013 4507 1101 4561 die
1140 4507 1514 4561 Niederlande
1552 4524 1670 4561 war
1706 4525 1760 4563 es
1797 4527 1888 4562 am
1924 4512 1997 4562 30
2031 4508 2155 4561 Juli
2191 4510 2334 4561 1537
2361 4512 2528 4561 anter
2562 4506 2928 4577 Vermittlunq
2964 4508 3274 4564 dev-Schwe-

621 4602 767 4652 stem
805 4596 1057 4665 Koniqin
1093 4595 1366 4651 Eleonore
1402 4613 1509 4650 von
1545 4597 1893 4651 Ματτὴν-εἰῶ
1941 4597 2060 4651 und
2097 4597 2350 4665 Ko'niqin
2391 4597 2586 4650 Maria
2620 4596 3026 4651 Statthalterin
3059 4616 3130 4653 zu
3165 4595 3350 4652 aa&

620 4686 1123 4740 zehnmonatlichm
1171 4684 1669 4750 Wuffenstt'llstand
1706 4704 1810 4740 von
1848 4687 2027 4757 Bomy
2049 4687 2373 4757 qekommen.
2445 4687 2640 4742 Ribier
2664 4686 2881 4741 Lettres
2917 4693 2972 4743 et
3007 4690 3277 4744 meu-oica

624 4776 791 4831 d’citat
827 4774 903 4827 II
927 4791 1058 4843 pay.
1097 4777 1285 4845 56⁸qq.
