3500 5300
1197 353 1296 407 No,
1334 354 1436 408 54:
1480 355 1614 408 1537
1656 353 1867 422 August
1904 354 1991 409 25.
2815 349 2915 413 ffll

434 548 587 615 Heri
635 557 859 636 questo
890 548 1076 614 Serum
1123 572 1210 632 re,
1257 550 1621 614 trovandosi
1666 548 1859 614 molto
1892 556 2185 614 contento
2233 549 2333 614 del
2382 549 2588 614 officio
2635 550 2791 614 fatto
2839 550 2924 614 da
2997 556 3138 606 1537

254 656 487 721 Nostro
535 657 802 742 Signore
848 678 961 742 per
1008 658 1185 720 unire
1234 655 1277 720 li
1324 655 1660 720 Venetiani
1716 679 1834 720 con
1898 655 1961 720 la
2005 657 2276 721 Cesarea
2321 656 2568 720 Maesta
2613 667 2836 721 contra
2881 626 3086 721 ilA²‘·'¹'
3126 629 3200 678 25

256 763 486 846 Tarco,
532 766 619 827 mi
666 763 832 828 disse
880 762 996 827 che
1042 785 1122 826 ne
1168 764 1585 848 ringraciasse
1631 763 1762 827 Sua
1801 763 2202 827 Beatitudine
2249 765 2311 827 in
2359 786 2548 828 nome
2594 787 2706 828 suo
2755 774 2816 829 et
2862 764 2922 828 la

254 893 549 956 pregasse
594 892 633 934 a
678 870 891 935 volere
921 891 1324 956 perseverare
1361 871 1427 934 in
1459 879 1679 956 questo
1728 869 1955 952 officio,
2003 869 2235 956 perche
2282 873 2333 934 si
2366 871 2529 935 vede
2575 871 2640 936 di
2686 884 2924 958 quanta

198 980 647 1065 5importanza
706 986 770 1043 et
827 979 1136 1041 necessita
1190 975 1456 1041 sarebbe
1514 975 1603 1040 tal
1646 979 1876 1042 unione
1938 976 2062 1040 alla
2107 976 2432 1063 republica
2476 977 2818 1043 christiana
2863 989 2925 1043 et

254 1107 294 1148 a
348 1085 498 1150 total
556 1086 739 1149 ruina
786 1084 889 1149 del
936 1083 1167 1148 Τηΐου.
1261 1086 1320 1147 io
1380 1085 1618 1170 rispose
1665 1106 1704 1146 a
1749 1084 1882 1148 Sua
1930 1084 2176 1148 Maesta
2221 1083 2336 1148 che
2380 1085 2702 1151 l'harebbe
2750 1087 2922 1168 fatto,

253 1215 430 1257 come
475 1192 711 1275 facci03
757 1214 864 1255 ma
908 1192 1239 1276 soggionse
1285 1189 1400 1254 che
1444 1192 1529 1254 mi
1576 1212 1814 1276 pareva
1860 1189 2018 1255 che'l
2073 1191 2262 1255 modo
2294 1192 2361 1255 di
2393 1199 2671 1258 ottenere
2703 1203 2922 1281 questo

253 1300 420 1366 fusse
478 1299 545 1363 in
604 1321 793 1363 mano
853 1297 1018 1362 della
1063 1297 1335 1362 Cesarea
1394 1297 1672 1379 Maesta,
1733 1299 1999 1370 essendo
2061 1320 2208 1362 cosa
2269 1307 2440 1363 certa
2498 1299 2612 1365 che
2672 1301 2712 1365 li
2777 1300 2921 1365 boni

252 1407 465 1495 partiti
510 1407 660 1471 fano
720 1408 938 1470 venire
982 1404 1229 1490 voglia,
1291 1407 1480 1469 etiam
1539 1428 1578 1468 a
1625 1404 1727 1469 chi
1791 1428 1916 1469 non
1964 1404 2119 1487 l’ha,
2181 1406 2248 1469 di
2295 1408 2641 1489 maritarsi‚
2701 1415 2764 1472 et
2810 1407 2924 1472 che

163 1514 296 1582 loli
338 1514 672 1579 Venetiani
719 1512 982 1577 essendo
1029 1513 1348 1577 numerosi
1407 1510 1555 1576 nelli
1602 1513 1700 1576 sui
1746 1511 2027 1597 consegli
2074 1523 2139 1576 et
2183 1513 2480 1599 prudenti
2526 1537 2651 1579 non
2700 1514 2922 1580 hareb·

254 1619 418 1685 beno
464 1621 619 1686 fatto
664 1642 813 1685 cosa
857 1620 1085 1685 alcuna
1131 1641 1196 1683 se
1243 1641 1368 1683 non
1402 1620 1644 1684 fussero
1692 1620 1897 1685 securi
1944 1619 2008 1682 di
2056 1619 2324 1706 qualche
2364 1621 2704 1708 guadagno
2752 1644 2788 1686 o
2835 1621 2920 1686 al·

253 1750 437 1794 meno
496 1728 575 1793 de
635 1725 858 1792 stabile
922 1725 1401 1792 confirmatione
1460 1725 1625 1790 della
1691 1725 1826 1791 loro
1896 1725 2240 1812 republica.
2346 1737 2409 1792 et
2476 1728 2741 1793 essendo
2809 1732 2922 1817 piu

254 1835 415 1901 oltra
457 1837 688 1900 instato
734 1834 818 1899 da
862 1833 993 1900 Sua
1037 1833 1286 1898 Maesta
1331 1833 1410 1896 de
1456 1832 1599 1898 dirli
1645 1834 1759 1921 pin
1815 1832 2224 1899 liberamente
2271 1835 2441 1899 circa
2486 1844 2709 1923 questa
2753 1847 2922 1924 prat·

254 1944 413 2027 tica,
484 1942 529 2007 li
597 1963 837 2030 expose
894 1940 1011 2006 che
1069 1940 1334 2005 essendo
1396 1939 1701 2026 l’imperio
1764 1940 1845 2005 de
1910 1963 2070 2027 gran
2131 1942 2402 2028 principi
2463 1944 2923 2011 naturalmente

162 2064 237 2119 15
255 2048 657 2115 formidabile
703 2049 825 2114 alle
870 2046 1235 2134 republiche
1281 2055 1343 2113 et
1397 2049 1676 2112 maxime
1733 2049 1963 2128 vicini,
2027 2048 2296 2113 credeva
2342 2048 2457 2114 che
2502 2049 2714 2116 dando
2760 2051 2921 2116 l'im-

252 2164 542 2243 peratore
600 2157 646 2221 il
704 2163 867 2221 stato
927 2156 995 2220 di
1041 2154 1279 2220 Milano
1337 2178 1377 2219 a
1436 2154 1704 2242 qualche
1764 2156 2013 2240 privato
2076 2157 2360 2242 principe
2406 2165 2470 2222 et
2514 2157 2805 2222 lassando
2863 2159 2922 2223 le

254 2286 397 2329 cose
443 2263 510 2328 di
556 2263 824 2329 Firenze
882 2262 985 2327 nel
1042 2263 1305 2348 pristino
1353 2269 1514 2326 stato
1575 2261 1655 2325 de
1711 2261 2038 2348 republica
2083 2273 2147 2327 et
2191 2263 2457 2329 facendo
2505 2264 2729 2329 stabile
2774 2289 2920 2331 con·

253 2371 641 2436 federatione
701 2369 970 2435 durante
1029 2369 1093 2434 la
1151 2391 1381 2454 guerra
1438 2367 1541 2434 del
1587 2368 1804 2433 Turco
1861 2377 1924 2433 et
1985 2369 2244 2434 dandoli
2305 2370 2570 2457 qualche
2617 2381 2796 2457 parte
2857 2374 2920 2436 di

253 2480 494 2564 premio
539 2477 706 2543 della
750 2479 1024 2561 vittoria,
1071 2477 1381 2562 piacendo
1428 2498 1467 2540 a
1518 2476 1640 2540 Dio
1686 2476 1753 2540 di
1799 2475 2202 2559 concederh,
2259 2477 2374 2542 che
2420 2480 2539 2542 essi
2588 2479 2920 2544 Venetiani

157 2599 237 2654 20
254 2588 305 2651 si
375 2583 726 2651 sarebbono
795 2584 1002 2650 reduti
1071 2606 1111 2649 a
1177 2592 1400 2672 questa
1468 2583 1820 2649 desiderata
1890 2591 1951 2650 et
2010 2586 2365 2649 necessaria
2434 2586 2667 2651 unione
2790 2588 2920 2653 Sua

252 2694 501 2758 Maesta
546 2694 793 2759 odendo
837 2700 1234 2779 gratamente
1280 2692 1427 2756 tutti
1472 2692 1673 2779 questi
1707 2691 1960 2756 racordi
2002 2692 2088 2755 mi
2121 2693 2438 2777 ringracio
2484 2696 2681 2777 assai3
2729 2694 2920 2780 dopoi

252 2800 338 2865 ha
380 2800 679 2888 expedito
725 2800 914 2887 hoggi
961 2822 1088 2865 una
1133 2808 1315 2886 posta
1358 2822 1398 2864 a
1443 2799 1731 2881 Venetia,
1778 2821 1904 2863 non
1953 2821 2022 2863 so
2069 2821 2137 2862 se
2183 2800 2278 2864 sia
2322 2823 2438 2887 per
2484 2802 2918 2888 quest'effetto‚

251 2909 391 2973 cioe
435 2930 551 2996 per
595 2906 997 2974 raccordarlo
1045 2906 1153 2971 alli
1198 2908 1411 2993 agenti
1458 2905 1726 2972 Cesarei.

434 3015 813 3081 Parendomi
873 3022 1092 3102 questo
1152 3036 1358 3080 essere
1417 3015 1741 3079 conforme
1803 3010 1865 3077 al
1924 3013 2188 3099 disegno
2244 3013 2308 3077 di
2364 3014 2594 3079 Nostro
2653 3015 2919 3101 Signore

158 3136 234 3191 25
252 3131 317 3189 et
372 3123 573 3188 anche
641 3144 844 3188 essere
911 3124 978 3187 in
1045 3121 1350 3187 beneficio
1418 3120 1582 3186 della
1642 3119 1943 3207 religione
2005 3119 2352 3185 christiana
2419 3130 2481 3186 et
2546 3124 2613 3186 in
2682 3122 2919 3189 honore

251 3230 537 3313 d'Italia‚
594 3229 780 3318 quale
839 3231 989 3316 ogni
1048 3251 1174 3294 uno
1234 3227 1442 3294 debbe
1499 3228 1858 3294 desiderare
1915 3229 2086 3315 possi
2143 3250 2346 3293 essere
2405 3227 2603 3294 libera
2657 3230 2742 3294 da
2787 3233 2918 3295 cosi

252 3361 447 3421 grave
490 3339 642 3424 iugo
688 3337 768 3403 de
815 3334 1092 3419 barbari,
1140 3359 1319 3402 come
1364 3336 1448 3402 da
1492 3358 1595 3400 me
1638 3337 1727 3400 mi
1776 3357 1928 3400 sono
1975 3342 2191 3400 exteso
2236 3335 2540 3422 alquanto
2584 3338 2649 3400 in
2697 3347 2917 3425 questo

249 3447 732 3531 ragionamento
796 3467 916 3510 con
975 3444 1038 3509 la
1081 3443 1330 3509 Maesta
1375 3443 1536 3525 Sua,
1596 3442 1698 3508 del
1758 3441 1943 3530 quale
1997 3443 2119 3506 m'e
2164 3465 2352 3529 parso
2398 3445 2550 3530 pero
2595 3444 2675 3508 de
2721 3445 2919 3509 darne

249 3553 493 3618 noticia
551 3576 592 3617 a
650 3553 783 3619 Sua
841 3552 1089 3617 Santita
1144 3573 1261 3639 per
1317 3573 1443 3616 non
1503 3559 1715 3616 tenere
1752 3558 1923 3615 'cosa
1980 3549 2209 3614 alcuna
2269 3558 2561 3616 nascosta
2628 3573 2756 3615 non
2827 3550 2919 3617 sol

153 3659 396 3729 sodell'
443 3661 696 3742 actioni,
742 3683 849 3724 ma
893 3658 1172 3724 anchora
1217 3657 1384 3723 della
1428 3666 1637 3723 mente
1683 3659 1811 3722 mia
1856 3665 1920 3722 et
1949 3657 2262 3741 accioche,
2310 3680 2378 3722 se
2422 3660 2487 3722 in
2533 3666 2755 3746 questo
2787 3658 2919 3724 Sua

252 3768 504 3836 Santita
548 3767 903 3833 intendesse
948 3765 1216 3854 qualche
1260 3773 1543 3849 trattato.
1591 3788 1841 3851 sapesse
1884 3764 2171 3852 l'origine
2187 3815 2205 3849 ,
2270 3764 2511 3830 benche
2559 3788 2752 3852 penso
2800 3766 2917 3831 che

251 3882 472 3964 queste
527 3874 1014 3940 considerationi
1058 3875 1235 3938 siano
1293 3872 1483 3939 molto
1542 3874 1654 3959 piu
1714 3874 1885 3937 tritte
1952 3874 2020 3936 in
2065 3870 2252 3936 Italia
2322 3874 2512 3937 etiam
2556 3872 2657 3937 all'
2704 3874 2918 3960 agenti

252 3983 528 4049 Cesarei.

432 4092 601 4157 Sono
660 4091 947 4154 ritornati
1002 4087 1492 4154 l’ambasciatori
1550 4087 1835 4153 mandati
1889 4089 1957 4152 in
2003 4085 2269 4152 Polonia
2327 4087 2599 4154 secondo
2657 4088 2721 4152 la
2775 4111 2914 4177 per·

152 4198 546 4265 35suasione
591 4197 658 4261 di
704 4198 838 4262 Sua
880 4196 1128 4263 Santita
1170 4218 1287 4283 per
1330 4194 1669 4283 pacificare
1730 4193 1936 4282 quello
1984 4217 2053 4260 re
2098 4202 2161 4259 et
2205 4194 2251 4259 il
2296 4194 2598 4261 Moldavo
2629 4197 2713 4281 ¹);
2759 4219 2913 4261 non-

251 4306 509 4371 dimeno
570 4303 833 4369 essendo
891 4306 958 4368 in
1016 4309 1178 4368 tutto
1236 4303 1624 4368 discatenato
1682 4301 1726 4365 il
1784 4303 1996 4368 furore
2056 4299 2159 4368 del
2218 4305 2463 4368 nemico
2517 4308 2732 4367 nostro
2786 4325 2913 4368 non

250 4416 462 4480 banno
509 4420 763 4499 possuto
810 4412 910 4475 far
948 4412 1158 4476 effetto
1213 4410 1456 4475 alcunn.
1549 4409 1610 4475 la
1642 4411 2070 4475 controversia
2117 4411 2151 4474 ὲ
2199 4418 2365 4475 stata
2408 4410 2640 4497 perche
2683 4409 2728 4474 il
2773 4433 2912 4497 pre-

251 4522 426 4586 detto
472 4518 773 4584 Moldavo
822 4518 923 4582 nel
968 4526 1224 4584 trattato
1271 4517 1435 4583 della
1481 4540 1639 4604 pace
1684 4540 1812 4581 non
1860 4517 1942 4582 ha
2000 4517 2214 4584 voluto
2276 4518 2527 4598 cedere,
2586 4539 2763 4582 come
2808 4516 2912 4583 de·

252 4668 401 4677 --——-——-—
626 4666 785 4673 -.ρ-ο

400 4752 444 4831 ¹)
481 4754 538 4809 S.
576 4754 711 4811 oben
743 4770 860 4808 mr.
897 4755 985 4806 34.
1024 4755 1109 4806 43.
1148 4754 1233 4806 44.
1271 4754 1362 4807 52.
