3500 5300
545 331 617 392 84
1309 332 1408 386 Ne.
1441 333 1676 387 10-112
1720 332 1857 386 1536
1893 330 2174 385 December
2201 329 2447 385 1⁷.—22.

335 533 471 582 1536
726 528 915 595 Circa
943 527 1491 594 l'intertenimento
1522 525 1672 616 qual
1704 528 1756 593 si
1786 529 2032 593 ricerca
2060 549 2177 615 per
2206 527 2413 615 questi
2437 525 2599 592 dotti
2628 525 2698 614 ¹),
2729 524 2918 591 credo
2940 523 3208 591 sat-ebbe

291 603 422 656 ΜΟ·
461 605 526 655 17
547 637 769 702 ottima
814 658 962 701 cosa
1008 634 1123 701 che
1169 636 1299 702 Sua
1345 635 1595 701 Santita
1638 635 1909 717 facesse,
1956 656 2024 699 se
2070 656 2198 699 non
2243 635 2312 698 in
2358 640 2553 712 tutto,
2600 631 2849 698 almeno
2895 632 2963 696 in
3006 640 3205 719 parte,

547 744 779 830 perche
826 742 986 808 oltra
1042 742 1158 808 che
1217 739 1485 807 sarebbe
1530 741 1906 807 eleemosina
1949 742 2308 827 gratissima
2353 763 2394 805 a
2439 739 2584 822 Dio,
2643 739 2904 805 essendo
2964 746 3207 804 costoro

548 873 663 937 per
720 849 781 915 la
826 852 1150 936 maggiore
1207 856 1390 935 parte
1450 857 1816 913 veramente
1863 849 2113 935 poveri,
2173 847 2303 913 Sua
2347 847 2598 914 Santita
2641 847 2821 911 daria
2866 848 3079 912 animo
3123 846 3205 912 ad

549 959 671 1021 essi
731 957 798 1020 di
856 977 1262 1043 perseverare
1308 963 1372 1020 et
1416 954 1721 1042 essemplo
1781 955 1862 1020 ad
1909 953 2054 1019 altri
2099 954 2166 1020 di
2223 955 2476 1038 ridursi‚
2521 961 2586 1019 et
2629 952 2830 1019 anche
2885 976 2967 1018 ne
3013 954 3205 1040 ripor-
3252 963 3284 1016 5

551 1062 815 1145 tax-ebbe
863 1061 1030 1129 bono
1076 1084 1262 1128 nome
1306 1085 1421 1149 per
1465 1069 1631 1127 tutta
1662 1068 1885 1149 questa
1914 1059 2261 1127 Germania
2306 1083 2427 1126 con
2471 1083 2634 1147 gran
2679 1060 3092 1126 satisfattione
3129 1059 3206 1125 de

552 1154 696 1235 t'utti
741 1169 1015 1256 gl'amici
1062 1176 1124 1236 et
1170 1170 1460 1235 servitori
1505 1169 1572 1233 di
1618 1168 1749 1234 Sua
1793 1168 2054 1234 Santita.

729 1276 800 1341 Io
855 1275 937 1342 ho
984 1276 1155 1341 detto
1201 1299 1242 1341 a
1298 1277 1664 1362 monsignor
1708 1275 1776 1339 di
1820 1275 2072 1341 Vienna
2125 1281 2188 1339 et
2230 1273 2294 1339 al
2340 1275 2595 1339 Nausea
2639 1273 2755 1340 che
2801 1297 2982 1341 come
3026 1273 3103 1339 V.
3145 1273 3206 1339 S.

553 1384 590 1449 ὸ
621 1390 962 1471 protettore
993 1383 1178 1448 d’essi
1208 1390 1271 1448 et
1302 1383 1382 1448 de
1427 1384 1571 1447 tutti
1618 1382 1663 1446 li
1708 1382 1868 1447 dotti
1898 1389 1963 1446 et
1992 1380 2300 1447 Catholici
2346 1381 2411 1447 di
2449 1389 2668 1468 queste
2713 1383 2880 1469 parti
2925 1390 2991 1446 et
3035 1382 3209 1470 quasi

551 1488 890 1556 trombetta
935 1490 1016 1554 de
1059 1488 1118 1556 le
1163 1491 1335 1555 virtu
1381 1498 1445 1554 et
1488 1487 1718 1554 fatiche
1749 1510 1881 1572 sue,
1927 1487 2099 1575 quali
2144 1510 2258 1575 per
2300 1511 2448 1554 vero
2495 1511 2648 1554 sono
2694 1487 2903 1571 molto,
2950 1490 3082 1554 cosi
3122 1486 3205 1574 gli
3227 1500 3285 1553 10

555 1600 698 1662 sara
756 1595 1115 1663 favorevole
1175 1598 1241 1660 in
1303 1604 1526 1684 questa
1583 1603 1765 1683 parte
1822 1603 1885 1660 et
1928 1595 2070 1660 fara
2113 1597 2265 1681 ogni
2308 1594 2602 1682 possibile
2662 1593 2871 1660 officio
2918 1618 3041 1661 con
3084 1594 3208 1660 Sua

556 1704 820 1770 Santitb..
889 1702 950 1768 al
1012 1702 1128 1769 che
1185 1725 1298 1789 per
1358 1701 1416 1767 le
1476 1703 1724 1788 ragioni
1771 1703 2178 1789 sopraseritte
2234 1703 2297 1767 io
2342 1701 2626 1767 esshorto
2672 1710 2735 1766 et
2778 1724 2977 1789 prego
3023 1702 3101 1766 V.
3146 1702 3206 1767 S.

554 1816 792 1900 quanto
854 1833 923 1875 so
969 1819 1032 1875 et
1075 1832 1296 1897 posso,
1354 1817 1418 1874 et
1479 1809 1546 1873 di
1593 1807 1801 1896 quello
1846 1808 1995 1896 qual
2042 1810 2227 1873 viene
2289 1809 2354 1872 in
2401 1807 2637 1873 honore
2683 1807 2749 1872 di
2795 1809 2929 1873 Sua
2973 1808 3210 1874 Santi&

557 1925 621 1982 et
665 1918 730 1981 in
779 1916 1084 1982 beneficio
1132 1916 1211 1981 de
1257 1915 1318 1980 la
1365 1915 1575 1981 chiesa
1615 1914 1971 1982 universale
2015 1916 2077 1981 io
2122 1914 2678 2002 particularmente
2724 1914 2936 2000 voglio
2981 1922 3210 1981 restare

559 2022 1017 2109 obligatissimo
1063 2045 1103 2086 a
1148 2023 1229 2087 V.
1277 2023 1339 2089 S.
1386 2023 1471 2087 ne
1517 2021 1576 2088 le
1621 2022 2005 2088 defraudato
2050 2023 2117 2086 in
2161 2029 2342 2110 parte
2373 2021 2602 2087 alcuna
2645 2019 2749 2086 del
2794 2022 2992 2087 frutto
3036 2020 3114 2086 de
3154 2020 3211 2084 le
3228 2033 3288 2087 15

558 2153 667 2196 sue
714 2129 978 2213 fatiche,
1024 2128 1255 2216 perche
1311 2129 1649 2194 testificare
1709 2150 1749 2193 3
1797 2129 1953 2194 'tutti
1997 2130 2201 2216 questi
2259 2127 2489 2193 literati
2535 2137 2599 2193 et
2642 2127 2882 2193 homini
2928 2127 3012 2192 da
3055 2127 3212 2193 bene

560 2237 677 2302 che
739 2236 905 2323 dopo
962 2236 1047 2301 da
1103 2235 1166 2300 la
1231 2234 1557 2322 benignita
1609 2235 1675 2300 di
1721 2234 1952 2301 Nostro
1997 2235 2264 2321 Signore
2322 2233 2537 2299 hanno
2595 2235 2678 2300 da
2739 2235 3126 2300 riconoscere
3165 2231 3211 2297 il

558 2350 723 2409 tutto
770 2343 854 2409 da
898 2342 961 2407 la
1007 2341 1426 2408 sollicitudine
1471 2341 1537 2406 di
1584 2341 1663 2407 V.
1711 2341 1774 2408 S.
3474 2402 3475 2423 2

736 2450 890 2515 Feci
957 2448 1016 2514 le
1083 2447 1610 2514 ricomandationi
1679 2448 1746 2513 di
1809 2449 1887 2514 V.
1934 2447 1997 2515 S.
2058 2472 2098 2515 a
2155 2455 2376 2537 questo
2436 2447 2621 2513 Sel-¹¹¹⁰
2684 2469 2785 2532 re,
2853 2447 3039 2536 quale
3096 2469 3211 2512 con
3474 2426 3475 2493 1

558 2556 623 2621 la
681 2556 863 2622 solita
922 2555 1248 2642 benignita
1305 2555 1663 2622 sentendosi
1720 2556 2016 2621 rinovare
2069 2554 2131 2621 la
2187 2555 2491 2620 memoria
2551 2555 2618 2619 di
2675 2577 2947 2642 persona
2998 2554 3292 2640 gratis-20

562 2666 723 2731 sima
780 2665 867 2728 mi
949 2664 1116 2729 disse
1184 2662 1301 2728 che
1369 2662 1749 2728 l'accettava
1818 2663 1884 2728 di
1956 2661 2084 2729 bon
2156 2685 2303 2730 core
2362 2670 2426 2726 et
2483 2662 2599 2728 che
2658 2663 2738 2729 V.
2797 2662 2859 2728 S.
2920 2661 3026 2728 alli
3081 2662 3211 2726 suoi

562 2772 770 2858 giorni
837 2772 997 2835 s'era
1062 2769 1380 2836 affaticata
1436 2772 1602 2835 assai
1668 2772 1736 2835 in
1797 2776 2015 2859 queste
2073 2771 2241 2857 parti
2298 2792 2414 2856 per
2471 2769 2536 2834 la
2591 2768 2733 2834 fede
2794 2768 3102 2835 catholica
3153 2776 3213 2832 et

562 2900 676 2966 per
721 2876 783 2942 la
829 2877 974 2942 sede
1020 2876 1380 2963 apostolica.
1451 2899 1579 2942 non
1637 2874 1798 2943 altro
1858 2899 1914 2941 a.
1962 2875 2039 2941 V.
2088 2876 2147 2942 S.
2196 2875 2262 2940 di
2309 2877 2608 2941 continuo
2667 2877 2756 2941 mi
2800 2874 3210 2942 raecomando

564 2992 628 3050 et
673 2985 882 3050 offero.

311 3127 443 3181 Dec.
480 3129 548 3180 17
743 3108 850 3176 Da
893 3109 1147 3175 Vienna
1192 3107 1301 3175 alli
1351 3119 1429 3176 17
1479 3107 1545 3172 di
1591 3105 1926 3173 decembre
1977 3115 2165 3177 1536.
3229 3118 3291 3171 25

303 3430 433 3485 Dec.
470 3413 671 3485 2211.
762 3411 1024 3477 Morene
1067 3433 1156 3476 an
1203 3411 1275 3476 P.
1310 3411 1484 3476 Paul
1532 3410 1659 3475 ΙΙΙ
1661 3432 1685 3475 .·
1744 3410 2183 3492 Verhamlluny
2227 3410 2347 3475 mit
2390 3410 2474 3474 K.
2506 3409 2885 3474 Ferdinaml
2925 3412 3061 3476 und
3090 3412 3213 3475 dem

574 3517 883 3585 Cardimzl
925 3541 1041 3582 von
1094 3519 1309 3583 Τνὶεηί
1375 3519 1520 3582 iiber
1587 3518 1686 3582 die
1729 3517 2059 3601 Riickyabe
2102 3517 2211 3581 der
2256 3517 2336 3581 Η
2330 3516 2895 3598 ιἠέθνῑαεεεηεοῆαβ
2949 3519 3055 3582 des
3094 3539 3211 3582 ver-

568 3626 885 3691 storbemen
929 3625 1220 3706 Bischofs
1269 3623 1492 3691 Gasale
1535 3645 1653 3689 von
1684 3624 1969 3690 Bellum.
2060 3623 2240 3689 Bitte
2271 3623 2674 3688 Ferdinands
2716 3623 2849 3689 dass
2893 3625 3003 3690 der
3035 3625 3217 3706 Papst

569 3732 742 3796 nicht
784 3752 985 3812 weyen
1037 3730 1412 3796 Camerino's
1454 3753 1538 3797 zu
1582 3732 1700 3796 den
1762 3731 2006 3811 Waffen
2045 3731 2283 3813 yreifen
2326 3737 2493 3814 ἠὗρε
2505 3751 2527 3810 ,·
2602 3730 3080 3815 Vertheidiyuny
3121 3731 3216 3796 der

580 3837 1086 3918 Gesichtsqmnkte
1151 3838 1255 3902 cles
1315 3838 1577 3919 Papstes
1642 3839 1839 3902 durch
1896 3838 2014 3902 den
2062 3838 2367 3902 Nuntius,
2460 3838 2841 3921 Zersteirunq
2894 3839 3005 3903 der
3047 3838 3212 3903 Frie-
3229 3844 3290 3898 30

571 3944 1092 4027 denshoffnunyen
1136 3945 1208 4007 in
1266 3945 1526 4028 Unqarn
1581 3946 1777 4009 durch
1821 3946 1920 4009 die
1966 3945 2322 4010 Einmzhme
2364 3966 2482 4010 von
2526 3944 2849 4010 Kaschau.
2958 3946 3214 4012 Wiedm·

723 4177 758 4241 ¹)
796 4176 892 4229 An
929 4176 1051 4232 Eck
1085 4176 1294 4232 schrieb
1330 4176 1431 4232 der
1468 4177 1643 4245 Papst
1680 4194 1773 4230 am
1807 4180 1886 4232 27
1921 4176 2100 4245 ani,
2146 4177 2332 4232 indam
2379 4195 2438 4233 er
2472 4177 2591 4234 sich
2625 4176 3061 4247 mtschuzdiyte,
3108 4170 3218 4244 anst

573 4282 632 4321 er
667 4266 786 4321 sich
822 4271 930 4321 erst
978 4283 1037 4321 so
1083 4271 1214 4335 aptit
1261 4265 1359 4332 far
1408 4265 1500 4321 die
1548 4266 1735 4321 literas
1781 4283 1848 4322 ac
1899 4264 2100 4321 liber-os
2149 4274 2275 4321 tuos
2325 4266 2485 4321 nobis
2529 4265 2903 4338 superioribus
2952 4265 3224 4322 mensibus

574 4354 788 4411 oblatos
826 4354 1085 4421 bedanhe,
1135 4354 1255 4409 und
1306 4354 1680 4424 Bethdtiyuny
1735 4355 1915 4409 seiner
1962 4355 2349 4410 Dankbarkeit
2397 4356 2460 4409 in
2506 4355 2768 4410 Amsicht
2810 4355 2995 4411 stellte.
3076 4354 3221 4420 Rom,

574 4444 743 4499 Aret..
796 4442 915 4497 ναι.
951 4444 1104 4498 Arm.
1143 4445 1210 4499 41
1250 4443 1372 4498 vol.
1411 4444 1445 4497 2
1481 4442 1575 4498 fol.
1614 4445 1720 4498 320
1757 4461 1837 4499 nr.
1875 4444 1977 4499 321
2030 4445 2209 4510 stim,-
2254 4446 2360 4514 vyl.
2398 4443 2737 4515 Raynazdus
2774 4447 2918 4499 1536
2952 4443 2993 4516 ,ς
3027 4448 3100 4499 39
3131 4431 3289 4509 3335

575 4538 737 4588 anter
772 4534 895 4587 dem
929 4536 1004 4589 26
1040 4533 1198 4587 Juni.
1271 4532 1393 4587 Ein
1429 4532 1750 4588 Mandatum
1788 4533 1857 4587 de
1892 4532 2227 4603 providendo
2273 4533 2374 4599 far
2410 4533 2531 4590 Eck
2576 4534 2710 4589 iiber
2742 4537 2783 4589 2
2818 4534 3133 4602 Beneficia*
3166 4534 3221 4585 in

578 4622 684 4677 den
730 4622 1000 4678 Dio‘eesen
1061 4622 1396 4690 Wiirzbwm,
1446 4621 1721 4690 Bambery
1765 4622 1889 4677 und
1933 4622 2193 4692 Freisinq
2250 4639 2358 4677 von
2404 4624 2835 4678 unbestimmtem
2879 4623 3097 4695 Erlray
3146 4638 3217 4678 er·

574 4712 709 4779 yinq
744 4718 910 4765 anter
946 4710 1065 4764 dem
1098 4713 1178 4765 22
1207 4711 1381 4765 Juni:
1416 4711 1570 4765 Arm.
1608 4713 1675 4766 41
1717 4711 1840 4766 Vol.
1878 4712 1912 4766 2
1948 4710 2042 4767 fol.
2080 4712 2183 4766 427
2221 4729 2303 4766 nr.
2340 4713 2448 4768 395
2483 4712 2627 4766 Min.
