3500 5300
226 1552 293 1619 1.
388 1552 461 1616 Ρ.
525 1550 697 1616 Paul
739 1550 871 1615 III
921 1573 1011 1615 an
1066 1552 1150 1616 K.
1198 1551 1605 1615 Ferdinand:
1664 1552 1894 1615 schiclct
1951 1553 2086 1616 und
2142 1552 2484 1634 beylaubiyt
2540 1553 2638 1617 als
2686 1553 2895 1617 Nach-
2968 1562 3111 1614 1536

220 1658 415 1742 folqer
470 1659 577 1723 des
650 1659 928 1741 Veryerio
999 1659 1325 1723 Giovanni
1370 1659 1666 1736 Morene,
1738 1659 2010 1740 Bischof
2048 1681 2161 1724 von
2205 1658 2511 1737 Modena,
2565 1659 2662 1723 als
2716 1663 2894 1725 stc‘in-
2920 1630 3038 1686 ΘΗ·
3075 1634 3147 1686 ²¹

224 1767 411 1849 (liqen
458 1766 762 1831 sztius.
855 1769 1019 1830 1536
1073 1765 1325 1831 Oktober
1370 1769 1455 1831 21
1502 1765 1679 1832 Rom.

378 1910 500 1964 Aus
536 1909 695 1977 Rom,
732 1910 900 1963 Arch.
953 1907 1071 1962 Vat.
1111 1907 1264 1962 Arm.
1295 1909 1360 1963 41
1403 1908 1524 1963 Vol.
1555 1909 1591 1963 4
1628 1907 1721 1963 fol.
1770 1906 1869 1963 123
1906 1926 1986 1963 nr.
2019 1910 2121 1964 113
2162 1908 2354 1975 Conc.,·
2413 1899 2748 1975 Uberschrift
2782 1908 2900 1981 regi

169 2004 208 2057 5
446 1998 835 2054 Romanorum.

410 2122 765 2189 Carissime.
857 2146 1002 2188 cum
1062 2128 1358 2188 revocato
1419 2121 1502 2188 ad
1561 2145 1678 2188 nos
1737 2121 1966 2188 dilecto
2025 2120 2154 2188 filio
2212 2122 2282 2186 P.
2338 2122 2541 2189 Paulo
2596 2123 2900 2210 Vergerio

226 2230 427 2297 electo
494 2231 539 2296 J
543 2229 1028 2317 ustinopolitano
1049 2280 1068 2313 ,
1137 2252 1340 2316 nuper
1406 2229 1580 2316 apud
1642 2229 2040 2317 Maiestatem
2102 2229 2309 2294 Tuam
2377 2232 2599 2295 nuntio
2667 2239 2900 2315 nostro,

225 2337 535 2404 vellemus
580 2360 708 2403 non
765 2336 964 2403 solum
1025 2360 1139 2423 pro
1187 2359 1379 2419 more,
1435 2335 1547 2400 sed
1592 2358 1708 2423 pro
1753 2358 1970 2402 amore
2031 2343 2242 2402 nostro
2288 2359 2443 2423 erga
2487 2337 2900 2405 Serenitatem

227 2445 441 2511 Tuam
486 2444 662 2531 apud
706 2450 767 2510 te
813 2444 1183 2510 continuum
1231 2443 1523 2508 nuntium
1570 2441 1836 2525 habere,
1895 2444 2005 2530 qui
2063 2451 2174 2509 tua
2240 2444 2323 2509 ad
2384 2468 2502 2511 nos
2570 2445 2902 2529 desideria,

138 2569 209 2622 lo
229 2552 524 2639 quotiens
582 2551 929 2633 accideret,
999 2551 1262 2617 referret
1320 2557 1694 2638 nostrasque
1756 2557 1820 2614 et
1878 2548 2067 2639 hujus
2126 2559 2382 2617 sanctae
2440 2552 2605 2618 sedis
2672 2576 2773 2618 res
2840 2562 2904 2618 et

226 2660 499 2748 negocia
541 2661 872 2747 presertim
932 2660 1015 2725 ad
1075 2657 1337 2725 tutelam
1398 2658 1546 2724 fidei
1607 2657 1956 2724 catholicae
2001 2660 2382 2746 pertinentia
2436 2660 2610 2748 apud
2654 2668 2716 2726 te
2759 2684 2902 2748 pro-

228 2775 515 2834 curaret:
576 2767 687 2833 diu
733 2765 1230 2833 deliberavimus
1276 2789 1467 2854 super
1525 2764 1779 2831 homine
1840 2765 2162 2853 eligendo,
2218 2789 2408 2855 quem
2466 2767 2587 2834 hoc
2642 2792 2904 2834 munere

227 2875 496 2962 dignum
542 2882 925 2962 putaremus.
1018 2874 1128 2940 sed
1176 2897 1321 2939 cum
1369 2875 1434 2938 in
1483 2871 1834 2940 venerabili
1890 2875 2084 2940 fratre
2139 2874 2391 2940 Joanne
2449 2875 2716 2941 Morono
2774 2876 2901 2962 epi-

228 3005 425 3069 scopo
470 2982 812 3049 Mutinensi
859 2983 1061 3047 virtus
1107 2982 1445 3069 prudentia
1491 2988 1554 3047 et
1611 2981 1894 3068 probitas
1951 2982 2091 3068 pari
2147 2981 2434 3047 doctrina
2481 3006 2556 3047 ac
2602 2982 2904 3069 religione

140 3103 209 3159 15
230 3091 431 3155 animi
488 3089 738 3177 fideque
796 3112 947 3176 erga
1012 3113 1130 3154 nos
1184 3091 1561 3178 conjunctae
1620 3097 1829 3155 essent
1887 3089 2342 3177 accederetque
2401 3090 2591 3154 etiam
2651 3089 2903 3156 devotio

228 3197 372 3284 ejus
440 3201 503 3262 et
570 3196 890 3284 quondam
949 3197 1251 3283 genitoris
1320 3198 1417 3261 sui
1488 3218 1642 3283 erga
1698 3195 2037 3262 Cesaream
2097 3205 2159 3262 et
2218 3196 2424 3262 Tuam
2485 3196 2903 3286 Majestatem‚

229 3304 551 3370 neminem
598 3302 936 3369 habuimus
982 3327 1168 3392 quem
1225 3305 1291 3369 in
1355 3302 1475 3370 hoc
1520 3326 1783 3369 munere
1827 3304 1885 3368 ei
1932 3305 2405 3370 anteferremus.
2498 3327 2659 3371 eum.
2689 3305 2905 3393 itaque

231 3411 319 3477 ad
363 3411 763 3499 Majestatem
811 3411 1017 3477 Tuam
1064 3419 1349 3477 nestrum
1410 3419 1473 3477 et
1528 3409 1715 3499 hujus
1777 3419 1992 3477 sancte
2039 3410 2203 3477 sedis
2247 3412 2540 3476 nuntium
2586 3435 2731 3477 cum
2779 3411 2904 3478 Dei

229 3520 489 3585 nomine
535 3520 875 3600 mittimus,
922 3520 1165 3607 jugiter
1221 3518 1395 3607 apud
1454 3526 1516 3584 te
1574 3541 1946 3584 mansurum
2002 3526 2420 3606 acturumque
2478 3542 2624 3584 cum
2682 3518 2791 3584 illa
2842 3528 2906 3586 et

140 3633 601 3696 zocuraturum
650 3649 729 3693 ea
773 3627 986 3692 omnia
1031 3649 1195 3713 quae
1238 3649 1356 3713 pro
1387 3624 1572 3692 nobis
1616 3633 1680 3692 et
1709 3626 1931 3691 eadem
1974 3626 2121 3693 sede
2166 3648 2282 3712 pro
2329 3633 2611 3713 tempore
2656 3627 2906 3714 agenda

231 3735 640 3802 occurrerint,
733 3732 1061 3800 hortamur
1118 3734 1313 3821 igitur
1371 3734 1786 3801 Serenitatem
1853 3733 2063 3798 Tuam
2116 3733 2183 3797 in
2253 3733 2510 3799 domino
2568 3743 2640 3799 ut
2696 3735 2904 3821 ipsum

229 3842 277 3909 J
278 3863 551 3909 oannem
595 3843 963 3930 episcopum
1021 3844 1315 3907 nuntium
1384 3849 1670 3907 nostrum
1729 3840 1913 3907 solita
1959 3863 2086 3928 qua
2144 3848 2384 3907 ceteros
2443 3838 2631 3930 hujus
2689 3850 2905 3908 sancte

231 3949 402 4016 sedis
469 3951 723 4015 nuntios
782 3947 1174 4014 humanitate
1230 3956 1294 4015 et
1352 3947 1588 4014 honore
1652 3949 1969 4035 suscipere
2028 3949 2210 4037 eique
2267 3948 2333 4012 in
2389 3949 2634 4013 cunctis
2691 3956 2906 4015 nostro

230 4057 489 4124 nomine
533 4079 706 4122 nunc
750 4065 815 4121 et
860 4054 1159 4142 deinceps
1188 4055 1535 4121 referendis
1579 4053 1751 4120 haud
1783 4055 2089 4120 minorem
2122 4055 2313 4120 fidem
2345 4055 2641 4121 continue
2670 4053 2906 4121 habere

56 4159 59 4238 Ι,
146 4178 215 4232 25
231 4163 388 4231 velit
435 4186 627 4251 quam
674 4163 728 4228 si
772 4185 887 4229 nos
931 4163 1053 4250 ipsi
1097 4170 1419 4250 presentes
1477 4184 1621 4227 cum
1669 4161 2005 4250 Majestate
2051 4161 2195 4226 Tua
2240 4160 2740 4250 colloqueremur
2769 4163 2837 4251 ¹).

58 4255 61 4304 l
415 4270 657 4337 Datum
701 4270 943 4337 Romae
988 4269 1162 4357 apud
1207 4268 1269 4337 S.
1316 4269 1582 4336 Petrum
1627 4277 1743 4336 etc.
1794 4278 1873 4337 21
1924 4267 2200 4336 octobris
2252 4279 2441 4353 1536,
2488 4292 2656 4335 anno
2705 4281 2761 4337 2.
2928 4281 3046 4337 Okt.
3084 4284 3157 4336 21

2460 4376 2726 4443 Blosius.

268 4476 281 4480 -
298 4475 341 4480 ..-
356 4475 389 4480 ,--
404 4472 769 4480 -----—-.-.——-

382 4557 429 4628 ¹)
476 4558 618 4615 Uber
663 4558 754 4613 die
801 4557 1158 4628 Ernennunq
1194 4557 1483 4614 Morone's
1535 4574 1577 4613 s.
1629 4556 1723 4612 die
1760 4556 2113 4628 Einleituny.
2171 4585 2238 4596 -··
2295 4557 2415 4611 Der
2461 4571 2600 4612 neue
2647 4555 2908 4612 Nuntius

234 4647 425 4706 mdo
480 4647 670 4715 semer
712 4653 878 4703 anter
923 4648 1227 4703 denwelben
1273 4648 1495 4702 Datum
1542 4646 1856 4717 boylaubt'yt
1903 4646 1988 4701 bei
2039 4646 2138 4701 der
2183 4647 2487 4702 romischen
2522 4645 2780 4717 K6m'9in
2828 4646 2908 4713 (ω

233 4740 378 4796 steht
424 4737 626 4793 Maria
679 4741 823 4793 εὐαέι
857 4737 1055 4805 Anna)
1110 4737 1265 4792 Arm.
1303 4738 1369 4792 41
1425 4736 1547 4791 Vol.
1599 4737 1634 4790 4
1684 4736 1777 4792 fol.
1831 4736 1936 4791 124
1984 4754 2065 4792 nr.
2105 4737 2234 4800 117:
2292 4737 2431 4792 baim
2481 4735 2759 4792 cardinal
2804 4752 2908 4791 von

155 4830 221 4883 30
241 4830 447 4896 Trione,
496 4828 595 4883 mit
644 4827 833 4883 deeset·
868 4827 1026 4883 Rath
1072 4829 1207 4884 alles
1249 4844 1321 4883 zu
1369 4828 1511 4882 thom
1560 4827 1659 4882 cler
1695 4826 1954 4882 antius
2002 4827 2341 4898 anqewiesen
2387 4826 2496 4882 sei:
2545 4826 2616 4881 ib.
2667 4825 2761 4883 fol.
2803 4827 2906 4882 124
