3500 5300
311 540 452 593 1636

270 609 401 666 Dec.
439 614 508 665 17

261 3538 393 3595 Dec.
434 3543 503 3595 17

521 337 596 400 80
1448 341 1547 396 No.
1585 343 1646 397 9:
1684 342 1827 397 1536
1862 342 2146 396 December
2185 342 2269 397 17.

523 536 651 603 Dio
697 543 762 603 et
804 535 1005 603 salute
1049 536 1130 602 de
1175 537 1335 602 tanti
1381 536 1634 625 populi,
1681 538 1851 625 quali
1899 537 2161 603 essendo
2208 536 2453 602 confusi
2498 544 2563 602 et
2605 538 2834 603 incerti
2879 536 3208 604 01100003

525 642 842 710 debbiano
890 645 1164 726 credere,
1215 646 1428 732 quasi
1441 668 1595 711 sono
1641 645 1784 710 fatti
1829 644 2064 711 ethnici
2110 667 2299 710 senza
2342 643 2512 710 culto
2558 644 2802 727 divino,
2848 668 3039 711 senza
3083 644 3207 712 ad-

525 753 984 818 ministratione
1031 751 1096 816 di
1143 754 1524 818 sacramenti
1568 758 1632 818 et
1677 774 1867 817 senza
1911 750 2274 819 obedientia
2318 750 2581 816 alcuna!

702 860 773 925 Io
820 858 900 924 ho
946 861 1250 924 riti-ovato
1284 863 1355 945 ¹),
1401 859 1689 925 venendo
1745 861 1812 924 in
1859 881 1986 947 qua
2030 881 2145 946 per
2188 859 2232 924 il
2281 866 2534 925 contato
2581 858 2647 923 di
2676 858 2911 942 Tirole,
2966 882 3085 946 per
3128 860 3202 926 la

523 966 802 1031 Bavaria
844 973 908 1032 et
952 989 1068 1054 per
1111 965 1434 1052 l’Austria‚
1482 989 1601 1033 ove
1642 968 1788 1033 tutti
1834 966 1876 1031 li
1922 968 2192 1055 principi
2239 989 2395 1032 sono
2442 964 2593 1032 boni
2639 965 2953 1045 catholici,
2997 965 3202 1033 molte
3260 978 3299 1032 5

523 1072 728 1138 chiese
782 1080 999 1138 curate
1057 1076 1346 1158 vacanti,
1415 1095 1545 1139 non
1602 1074 1867 1139 essendo
1939 1072 2042 1139 chi
2102 1073 2477 1138 administra
2534 1073 2579 1137 li
2637 1076 3037 1139 sacramenti.
3128 1084 3201 1140 et

522 1187 741 1266 questo
788 1179 1016 1246 dicono
1059 1181 1404 1268 procedere
1449 1180 1682 1267 perche
1728 1181 1993 1246 essendo
2052 1182 2338 1246 nasciute
2382 1188 2557 1246 tante
2602 1183 2911 1268 opinioni,
2974 1204 3092 1269 per
3134 1182 3202 1247 le

521 1287 697 1375 quali
755 1310 1012 1374 ognuno
1072 1297 1241 1354 resta
1285 1288 1580 1372 confuso,
1642 1291 1871 1354 nisuno
1929 1288 2036 1354 vol
2096 1288 2249 1353 farsi
2307 1288 2666 1369 sacerdote,
2731 1295 2796 1353 et
2854 1291 2922 1352 in
2968 1298 3201 1375 questo

522 1416 736 1460 mezzo
794 1393 839 1459 li
899 1395 1120 1460 cattivi
1178 1417 1292 1483 per
1349 1396 1674 1482 disprezzo
1733 1402 1988 1460 restano
2046 1396 2215 1482 privi
2261 1395 2342 1461 de
2401 1396 2782 1461 sacramenti
2840 1405 2904 1461 et
2948 1394 2994 1460 li
3041 1395 3202 1461 boni

521 1524 639 1589 per
684 1503 1109 1566 mancamenti
1154 1502 1235 1568 de
1294 1504 1474 1589 preti.
1569 1501 1632 1567 13
1677 1501 1828 1589 qual
1874 1524 2022 1568 cosa
2066 1502 2304 1568 Vostra
2347 1503 2597 1569 Santita
2640 1504 2724 1590 po
2769 1503 3199 1586 considerare,
3224 1514 3299 1568 10

520 1609 782 1675 033011ᾶο
829 1615 961 1674 0031
1007 1610 1393 1693 universale,
1439 1619 1680 1697 quanto
1728 1608 1996 1697 bisogno
2042 1608 2282 1676 habbia
2327 1610 2394 1675 di
2439 1617 2860 1697 presentaneo
2904 1611 3197 1677 rimedio.

697 1716 938 1782 Mando
995 1740 1036 1781 a
1088 1717 1151 1781 la
1199 1716 1449 1783 Santita
1493 1717 1726 1782 Vostra
1781 1715 1828 1781 il
1882 1718 2171 1804 catalogo
2219 1718 2301 1783 de
2365 1716 2412 1783 li
2455 1717 2604 1783 libri
2648 1717 2907 1783 heretici
2955 1718 3199 1784 havuto

520 1823 628 1889 dal
673 1846 947 1889 vescovo
1006 1823 1072 1888 di
1120 1823 1371 1888 Vienna
1396 1827 1462 1904 2).
1539 1824 1621 1888 ne
1681 1826 1771 1889 mi
1828 1826 1975 1890 sara
2017 1822 2315 1912 possibile
2361 1825 2560 1890 haver
2616 1824 2662 1889 il
2706 1824 2914 1910 giusto
2962 1848 3198 1912 prezzo

519 1930 706 1996 d'essi
749 1929 916 2014 libri,
962 1930 1196 2018 perche
1251 1930 1514 1996 essendo
1562 1933 1767 2018 sparsi
1827 1954 1942 2018 per
2000 1939 2165 1997 tutta
2223 1931 2288 1997 13
2333 1930 2680 1998 Germania
2724 1931 3199 2019 bisognarebbe

519 2038 824 2102 mandare
880 2037 1119 2102 homini
1178 2059 1220 2103 a
1275 2044 1461 2124 posta
1504 2039 1570 2102 in
1616 2036 1795 2103 molti
1838 2036 2038 2122 lochi,
2091 2037 2137 2103 il
2182 2038 2300 2104 che
2351 2040 2519 2104 saria
2563 2039 2628 2104 di
2673 2042 2965 2125 maggior
3008 2063 3198 2127 spesa
3222 2051 3293 2104 15

521 2143 638 2210 0110
683 2166 1012 2232 comprare
1055 2142 1101 2207 li
1148 2143 1312 2209 libri.
1403 2142 1450 2208 il
1495 2146 1785 2230 predetto
1829 2167 2105 2211 vescovo
2151 2146 2322 2210 m'ha
2369 2145 2560 2231 detto,
2608 2168 2789 2213 come
2832 2146 2896 2211 la
2941 2147 3201 2213 Santi&

522 2250 755 2317 Vostra
797 2251 1033 2316 vedera
1077 2273 1156 2316 ne
1202 2250 1266 2315 la
1310 2274 1428 2315 sua
1469 2252 1742 2338 risposta
1806 2250 2040 2341 (quale,
2086 2267 2498 2341 quantunque
2543 2253 2760 2341 longa,
2829 2255 2955 2320 m'e
3000 2278 3195 2343 parso

518 2359 873 2444 mandare),
921 2357 1271 2445 ch’appena
1314 2355 1657 2423 bastarano
1707 2369 1837 2427 500
1883 2359 2101 2425 ducati
2145 2382 2259 2446 per
2304 2367 2524 2448 questo
2568 2362 2799 2426 effett0.

697 2466 937 2530 Mando
995 2467 1100 2530 un’
1146 2464 1307 2531 altro
1369 2464 1657 2552 catalogo
1704 2465 1785 2530 de
1828 2464 1874 2530 li
1920 2464 2067 2531 libri
2126 2466 2207 2532 de
2264 2465 2308 2531 li
2356 2465 2629 2553 theologi
2674 2468 2955 2556 antiqui,
3016 2468 3195 2557 quali

518 2596 632 2661 per
675 2572 738 2637 la
781 2573 1069 2660 maggior
1115 2581 1294 2661 parte
1339 2573 1527 2638 credo
1574 2574 1626 2637 si
1672 2581 2016 2638 trovarano
2062 2575 2129 2638 in
2158 2573 2367 2658 Italia,
2414 2581 2477 2639 et
2520 2575 2781 2640 insieme
2811 2577 2878 2639 vi
2910 2576 2945 2641 0
2981 2575 3193 2664 quello
3212 2585 3291 2639 20

518 2681 599 2746 de
665 2680 709 2746 li
777 2681 1008 2746 dottori
1075 2679 1368 2746 catholici
1435 2680 1608 2768 quali
1676 2681 1890 2746 hanno
1958 2684 2176 2747 scritto
2236 2690 2460 2747 contra
2530 2681 2894 2768 gl’heretici.
2986 2683 3193 2749 l’altre

518 2791 785 2875 risposte
831 2788 1066 2853 Vostra
1132 2788 1380 2853 Santita
1441 2786 1500 2853 le
1559 2788 2016 2875 comprenderit¹
2072 2788 2240 2856 nella
2283 2791 2581 2855 scrittura
2638 2813 2754 2855 sua
2799 2790 3104 2858 direttiva
3146 2815 3193 2855 a

518 2917 619 2961 me
647 2898 718 2980 ⁸),
764 2894 1111 2981 l'originale
1157 2895 1238 2960 de
1283 2892 1346 2959 la
1394 2895 1581 2982 quale
1628 2896 1863 2960 mando
1909 2918 1950 2960 a
1993 2895 2232 2961 Vostra
2260 2895 2681 2981 Beatitudine,
2726 2898 3027 2963 accioche
3072 2900 3191 2986 piu

516 3002 874 3068 fidelmente
919 3026 1000 3068 ne
1044 3025 1232 3090 possa
1275 3001 1511 3067 havere
1555 3004 1797 3068 notitia.

696 3109 795 3174 La
825 3109 1076 3176 Santita
1105 3109 1339 3175 Vostra
1368 3111 1422 3174 si
1451 3109 1737 3196 degnara
1784 3132 1971 3197 sopra
2015 3110 2164 3175 tutti
2211 3112 2417 3197 questi
2465 3110 2628 3198 capi,
2674 3110 2945 3177 facendo
2975 3112 3191 3199 quella
3211 3119 3287 3175 25

518 3218 827 3305 prudente
886 3217 1386 3283 consideratione
1432 3216 1617 3303 quale
1676 3216 1804 3282 sole
1860 3215 2140 3281 nel'altre
2209 3239 2320 3281 sue
2388 3239 2560 3301 cose,
2630 3217 3039 3283 certificarmi
3083 3218 3189 3285 del

518 3323 730 3390 volere
776 3347 908 3407 suo,
957 3323 1073 3389 che
1117 3331 1294 3389 tanto
1341 3326 1394 3388 si
1440 3325 1746 3412 exequira
1794 3330 2031 3411 quanto
2079 3323 2287 3412 quella
2332 3326 2381 3389 si
2430 3324 2715 3411 degnara
2760 3325 3076 3392 ordinare.
3122 3333 3191 3391 et

517 3433 586 3496 in
630 3455 746 3497 sua
790 3430 960 3497 bona
1003 3432 1209 3517 gratia
1254 3430 1662 3496 humilmente
1708 3430 2063 3497 basiandoli
2107 3430 2152 3496 il
2195 3431 2380 3518 piede
2427 3432 2514 3495 mi
2559 3431 3004 3499 raccomandO.

699 3539 940 3603 Datum
985 3541 1052 3603 in
1099 3537 1349 3603 Vienna
1395 3536 1504 3602 alli
1553 3548 1632 3604 17
1683 3537 1750 3602 di
1797 3536 2134 3603 decembre
2184 3546 2353 3606 1536
2383 3539 2454 3623 ⁴).

663 3751 708 3802 ¹5
752 3753 867 3822 Vyl.
905 3769 993 3806 nr.
1028 3757 1112 3807 10.
3205 3753 3282 3807 30

662 3840 708 3913 ²)
749 3840 916 3897 Dicae
963 3841 1084 3896 und
1136 3842 1343 3897 andere
1392 3841 1490 3898 der
1525 3842 1663 3898 oben
1699 3857 2074 3911 anyezoqemm
2110 3841 2365 3896 Antwort
2400 3842 2624 3897 Fabri’s
2672 3842 3017 3913 beiyeyebm
3059 3843 3187 3898 Ver-

517 3932 809 3986 zeichnissc
842 3948 950 3986 von
984 3930 1261 3998 Schrifim
1309 3932 1429 3986 und
1465 3933 1717 3987 Antoren
1760 3931 1997 4000 aedenkt
2031 3930 2415 4000 Herausqeber
2459 3949 2538 3986 an
2582 3931 2841 3986 auderem
2881 3931 3012 3987 Orto
3056 3933 3187 3987 ntit-

519 4022 811 4076 sutheilm.

663 4108 708 4182 ⁸)
744 4109 900 4178 Dae,
949 4110 1050 4165 wie
1088 4112 1418 4180 anyeyeben,
1465 4111 1549 4166 bei
1585 4110 1923 4182 Raynazdus
1957 4108 1997 4181 ,ξ
2032 4113 2105 4164 39
2138 4109 2560 4179 αηυοῖῑειᾶηᾱίρ
2604 4110 2966 4180 abyedruckte
3001 4110 3187 4181 δ’ὲᾱά,

517 4201 711 4256 dassen
738 4200 862 4255 dort
887 4200 1312 4255 unterdrvickter
1340 4201 1606 4270 Fn'nqany
1635 4201 1842 4255 lautet:
1878 4200 2000 4255 Etsi
2036 4201 2295 4255 hesterna
2330 4200 2419 4255 die
2455 4200 2718 4255 nonnulla
2752 4207 2812 4255 et
2846 4218 2985 4256 sane
3010 4199 3279 4259 multa-35

517 4290 686 4345 etiam
721 4289 791 4344 ad
818 4289 1032 4361 aliquot
1056 4289 1220 4344 horas
1257 4297 1314 4345 et
1349 4291 1508 4361 quasi
1545 4289 1601 4344 in
1630 4289 1961 4360 profundam
1992 4296 2209 4345 noctem
2247 4290 2392 4344 inter
2426 4306 2527 4344 nos
2554 4289 2969 4359 contulerimus,
3005 4293 3185 4348 visum

518 4387 605 4435 est
657 4387 842 4434 tamen
897 4379 1032 4433 mihi
1086 4386 1150 4434 ut
1202 4395 1269 4435 ea
1322 4395 1466 4450 quae
1523 4379 1704 4433 verbis
1760 4379 2043 4447 enarravi,
2100 4380 2377 4449 scriptura
2430 4378 2616 4450 aliqua
2670 4387 2976 4452 utcumque
3033 4381 3186 4436 brevi

518 4469 806 4524 declarem.
879 4475 937 4523 et
972 4468 1104 4539 quia
1140 4469 1245 4523 hoc
1281 4468 1515 4523 maxime
1552 4468 1902 4538 profuturum
1951 4485 2018 4524 ac
2065 4468 2410 4524 conducibile
2459 4476 2516 4523 et
2557 4468 2736 4540 primo
2782 4471 3026 4524 omnium
3063 4471 3185 4526 loco

519 4557 700 4613 Sanmo
737 4557 975 4612 Domino
1015 4557 1217 4612 Nostro
1252 4558 1587 4628 placiturum
1624 4556 1933 4629 sperabam,
1995 4558 2173 4625 nolui,
2229 4559 2324 4629 qui
2364 4557 2532 4613 semel
2566 4575 2791 4613 manum
2826 4560 2900 4613 ad
2936 4568 3183 4615 aratrum

519 4648 699 4718 posui,
734 4648 1096 4718 retrospicere
1132 4653 1230 4701 etc.
3202 4647 3279 4700 40

661 4735 707 4808 ⁴)
751 4738 843 4789 An
878 4736 1000 4790 dem
1031 4736 1276 4804 qleichen
1320 4736 1461 4806 Taya
1496 4738 1717 4791 richtete
1754 4738 1987 4792 Morone
2022 4755 2100 4790 an
2123 4736 2405 4792 Rdcalcati
2441 4755 2544 4792 aus
2570 4733 2771 4806 Aulass
2805 4739 2989 4793 seimu-
3016 4739 3181 4794 Geld-
