3500 5300
602 331 672 391 78
1550 335 1601 387 3.
1638 331 1736 386 Die
1774 331 2319 386 Nuntiaturberirhte.

602 528 910 606 derselbe,·
957 528 1060 592 die
1106 528 1303 593 Bulla
1348 528 1499 592 aber
1544 529 1764 592 warde
1811 549 1918 592 am
1964 532 2025 592 2.
2075 528 2249 593 Jum·
2297 528 2386 592 im
2439 526 2897 592 Consi-storiam
2949 527 3271 610 endqiiltiy

597 636 949 719 yenehmiyt
1006 637 1143 700 und
1198 636 1354 700 zwei
1405 635 1574 718 Taye
1633 635 1910 717 darauf,
1976 657 2079 699 am
2143 635 2693 717 Pfinystsonntay,
2751 656 2840 697 an
2900 635 3003 698 die
3066 635 3271 698 Thore

603 745 716 808 der
774 742 1207 807 Peterskirche
1261 742 1403 806 und
1460 742 1566 805 des
1612 741 1937 806 Laterans
1984 742 2368 824 anqehesiet:
2429 741 2663 805 mittels
2710 741 3028 805 darselben
3074 741 3284 822 berief

604 850 717 913 der
775 849 979 930 Papst
1033 849 1153 912 das
1217 847 1437 914 Concil
1490 850 1604 929 fiir
1664 849 1786 913 den
1857 853 1946 914 23
2007 849 2161 912 Mai
2219 851 2386 910 1537
2457 848 2620 912 nach
2690 847 2979 912 Mantua
3051 850 3156 912 ein
3206 849 3272 930 ¹).

604 955 881 1022 Alsbald
936 955 1237 1020 erhielten
1306 957 1409 1020 die
1473 954 2040 1038 Cardinaueyaten
2107 955 2474 1021 Caracciolo
2541 957 2681 1018 und
2761 955 3084 1021 Trivulzio
3153 957 3274 1020 dm
3328 972 3361 1022 5

609 1065 923 1145 Austray,
982 1063 1105 1127 den
1151 1062 1395 1127 Kaisar
1454 1063 1594 1126 und
1636 1062 1724 1127 K.
1774 1062 2000 1127 Franz
2045 1062 2492 1145 unverziae‘ylich
2547 1084 2665 1126 von
2713 1063 2850 1126 dem
2901 1062 3118 1145 Erlass
3164 1063 3278 1126 der

608 1171 805 1235 Bulla
848 1171 923 1234 in
971 1171 1310 1253 Kenntng‘ss
1352 1192 1435 1235 zu
1477 1174 1684 1235 setzen
1711 1174 1800 1256 ²),
1863 1170 2170 1235 wcihrensl
2213 1176 2407 1235 etwas
2450 1175 2668 1252 spiiter
2729 1190 2817 1234 an
2864 1170 2967 1233 die
3011 1170 3277 1251 iibriyen

608 1331 822 1385 sentiva
884 1331 1029 1386 nella
1083 1332 1509 1403 congregatione
1575 1333 1725 1398 „che
1792 1349 1898 1385 non
1964 1332 2010 1386 si
2066 1332 2397 1402 exprimesse
2454 1332 2502 1385 le
2564 1332 2752 1401 parole
2807 1331 3108 1385 secundum
3167 1347 3277 1385 mo-

609 1437 723 1475 rem
772 1421 930 1475 etc.“.
987 1428 1044 1475 et
1080 1438 1182 1492 per
1226 1418 1324 1490 piu
1376 1419 1598 1474 satissar
1645 1420 1757 1473 alla
1805 1420 1916 1473 mia
1966 1420 2333 1489 couscientia,
2383 1421 2434 1473 n’
2474 1421 2544 1475 ho
2592 1421 2723 1475 dato
2770 1420 2822 1474 ai
2873 1419 3136 1474 cardinali
3188 1419 3278 1473 de·

610 1509 791 1579 putati
830 1526 861 1563 e
899 1526 934 1562 a
971 1526 1175 1564 messer
1213 1508 1504 1564 Ambrosio
1543 1526 1652 1562 una
1687 1508 2069 1564 informatione
2116 1516 2172 1564 et
2224 1510 2534 1564 mandatola
2580 1509 2823 1581 sig-illata
2875 1527 2978 1563 eon
3034 1526 3146 1563 una
3201 1510 3280 1562 in·
3303 1517 3371 1568 10

610 1599 908 1669 scriptione
945 1599 1015 1653 ad
1054 1617 1249 1654 manus
1285 1600 1552 1669 proprias.
1621 1606 1677 1653 et
1713 1599 1784 1653 ad
1822 1599 1948 1654 altri
1986 1599 2057 1652 da
2094 1616 2180 1652 me
2216 1600 2324 1653 ella
2361 1617 2466 1653 non
2504 1596 2536 1653 ὸ
2565 1606 2712 1653 stata
2749 1599 3008 1652 mandata
3044 1596 3114 1652 ne
3141 1598 3283 1652 Ietta

610 1686 680 1743 ne
716 1689 872 1743 detta
906 1690 1200 1744 hactenus:
1238 1688 1372 1760 quid
1411 1688 1537 1741 mali
1577 1686 1713 1741 fecit
1750 1688 2096 1759 Vergerius‘?

720 1783 723 1786 ’
755 1779 1028 1844 Quorsum
1066 1779 1302 1846 demum,
1340 1795 1602 1849 quorsum
1638 1777 1784 1831 hec?
1819 1778 2051 1848 inquies.
2103 1778 2174 1831 ho
2225 1796 2299 1832 un
2346 1794 2487 1848 poco
2535 1777 2836 1848 presentito
2873 1777 3020 1847 quod
3067 1776 3285 1846 lapidor

611 1884 676 1920 ex
714 1867 818 1921 hoc
855 1884 1020 1938 opere
1056 1875 1114 1921 et
1149 1868 1253 1921 che
1292 1867 1357 1921 V.
1397 1866 1450 1921 8,
1493 1866 1613 1920 Rma
1648 1874 1912 1936 percuote
1949 1865 2045 1937 pin
2083 1866 2228 1921 forte
2269 1867 2371 1921 che
2408 1868 2488 1938 gli
2524 1867 2669 1932 altri,
2718 1875 2775 1921 et
2811 1883 2914 1937 ego
2950 1867 3174 1936 quidem
3203 1867 3286 1920 ita

611 1964 668 2011 te
705 1956 825 2011 eolo
861 1956 933 2011 ob
971 1956 1453 2026 incomparabilem
1485 1964 1637 2010 tuam
1676 1957 1936 2011 virtutem
1974 1964 2035 2011 ut
2076 1957 2251 2026 magis
2290 1974 2393 2010 non
2433 1957 2653 2027 possim.
2715 1957 2767 2010 ia
2803 1956 3055 2026 supplico
3094 1972 3192 2025 per
3227 1955 3375 2016 la15

613 2063 715 2100 sua
766 2043 953 2115 bonta,
1005 2046 1107 2101 che
1151 2047 1274 2099 anzi
1327 2046 1535 2115 prenda
1570 2046 1904 2116 protettione
1941 2046 1996 2100 di
2034 2045 2160 2100 fatti
2201 2046 2323 2113 mei,
2370 2046 2473 2100 che
2509 2042 2541 2099 ὸ
2578 2063 2688 2100 una
2723 2045 2863 2099 delio
2901 2044 3083 2098 buone
3118 2060 3287 2114 opere

613 2136 715 2190 che
763 2136 809 2188 si
858 2152 1023 2205 possa
1068 2134 1217 2203 fare,
1267 2135 1488 2190 l’aiutar
1536 2153 1608 2189 un
1660 2135 2037 2205 gentilhuomo
2088 2135 2175 2189 ch’
2213 2136 2287 2189 ha
2336 2132 2562 2189 volunta
2608 2135 2850 2188 fervente
2896 2134 2951 2187 di
2999 2133 3088 2187 far
3126 2132 3287 2196 bene,

612 2231 670 2278 et
715 2241 788 2278 un
835 2241 975 2294 gran
1024 2224 1290 2278 demerito
1340 2232 1539 2279 metter
1592 2242 1663 2278 un
1712 2225 1954 2295 ingegno
1991 2241 2026 2278 a
2062 2232 2209 2279 torto
2247 2227 2300 2278 in
2340 2224 2742 2295 desperatione!
2800 2224 2854 2277 in
2893 2239 3103 2276 somma
3138 2240 3285 2276 com·

614 2313 809 2366 mendo
846 2329 1021 2367 meam
1059 2314 1203 2367 hanc
1242 2331 1484 2383 causam,
1522 2330 1585 2367 ex
1625 2331 1737 2384 qua
1774 2321 1925 2368 totus
1961 2314 2192 2384 pende0‚
2229 2321 2286 2369 et
2323 2314 2488 2369 creda
2525 2312 2592 2367 V.
2623 2312 2676 2367 S.
2717 2312 2836 2365 Rm·
2873 2312 2928 2365 di
2966 2330 3074 2365 non
3113 2312 3288 2365 havet

615 2398 683 2454 ne
728 2401 783 2454 in
822 2400 998 2455 Roma
1035 2399 1103 2455 ne
1154 2402 1209 2455 in
1256 2403 1363 2456 due
1402 2403 1561 2457 Italie
1611 2421 1685 2457 un
1737 2404 1990 2474 maggIor
2034 2404 2349 2473 predicator
2407 2403 2554 2456 della
2609 2409 2795 2456 vostra
2838 2418 2976 2471 gran
3015 2397 3190 2455 bonta
3225 2408 3287 2455 et
3307 2411 3378 2463 20

618 2490 758 2544 altre
797 2488 960 2545 virtu.
1035 2492 1259 2545 consule
1298 2490 1455 2556 boni;
1507 2492 1655 2563 quod
1694 2510 1781 2545 me
1820 2492 1899 2546 ita
1936 2493 2086 2546 vides
2124 2500 2473 2561 commotum,
2510 2499 2802 2562 propterea
2838 2498 2922 2545 est
2958 2490 3092 2561 quia
3126 2497 3286 2543 tuam

615 2580 1000 2634 auctoritatem
1054 2581 1239 2652 magni
1290 2580 1450 2635 facio.
1548 2581 1844 2635 Undatiert
1893 2582 2016 2635 und
2065 2583 2202 2635 ohne
2262 2580 2658 2646 Unterschrisl;
2712 2579 3000 2634 adressien
3050 2579 3122 2632 Al
3162 2579 3288 2632 ΒΜ)

616 2671 931 2741 monsignor
982 2670 1359 2735 Brundusium
1415 2671 1549 2726 oben
1598 2672 1742 2725 linIcs
1797 2672 1960 2742 cupio
2016 2678 2079 2725 ut
2135 2673 2334 2726 lectum
2392 2671 2731 2725 conscindas.
2830 2669 2990 2723 Ganz
3034 2686 3142 2723 von
3188 2668 3290 2723 der

616 2758 796 2813 Hand
832 2760 926 2813 des
974 2761 1251 2828 γεγρα-ίῳ
1292 2760 1422 2814 eod.
1462 2760 1627 2815 Vatic
1682 2761 1823 2814 3914
1860 2760 1950 2813 fol.
1993 2760 2184 2814 28721·
2220 2761 2388 2825 (auch
2433 2761 2622 2814 Prie-nt
2662 2760 2806 2813 Bibe.
2848 2759 3034 2813 Civica
3072 2759 3190 2812 cod.
3215 2759 3285 2811 87

616 2847 793 2918 [alias
820 2847 992 2918 4222]
1020 2848 1113 2904 fol.
1150 2849 1460 2904 138b—139
1476 2850 1517 2917 b,
1552 2854 1768 2917 spatere
1797 2850 2064 2917 Aba-lan).
2111 2880 2166 2887 —
2211 2840 2351 2904 Uber
2379 2849 2467 2903 die
2507 2848 2857 2917 Verwerfu-nq
2883 2849 3040 2916 jenes
3075 2851 3130 2901 2.
3164 2848 3287 2900 An·
3308 2859 3380 2911 25

617 2943 769 3006 trays
819 2937 911 2991 des
974 2938 1224 3008 Veryem'o
1282 2941 1385 3009 τρὶ.
1431 2939 1575 2994 auch
1623 2939 1976 2992 Pallavicino
2013 2939 2225 2992 Istoria
2290 2939 2378 2992 del
2425 2939 2659 2992 concilio
2716 2938 2781 2992 di
2831 2938 3035 2992 Trento
3092 2938 3184 2991 lib.
3237 2942 3288 2991 3.

616 3044 735 3096 cap.
776 3032 843 3082 19
878 3026 917 3098 ,ξ
952 3032 1001 3082 2.

767 3116 806 3188 ¹)
844 3118 1132 3188 Raynaldi
1171 3117 1420 3172 Annales
1457 3118 1634 3171 eccles.
1673 3120 1814 3170 1536
1847 3116 1886 3187 ,ξ
1923 3121 2111 3186 3381111.
2169 3146 2230 3155 —-
2297 3105 2439 3170 Uber
2481 3116 2584 3171 clas
2620 3115 3152 3171 Zustandekommen
3191 3115 3290 3169 der

620 3206 784 3259 Bulle
822 3206 949 3275 lieqt
995 3207 1135 3261 noch
1182 3205 1457 3275 folyendes
1494 3224 1620 3260 vor:
1671 3206 1974 3276 Brayadin
2011 3225 2100 3259 am
2137 3210 2202 3259 15
2241 3207 2366 3259 Μαί
2403 3206 2624 3274 melda,
2675 3206 2766 3259 die
2804 3205 2967 3258 Bulla
3001 3206 3081 3258 sei
3117 3206 3288 3259 sehon

618 3295 695 3347 im
733 3295 1129 3349 Consislorium
1178 3296 1552 3363 „expedierffl
1596 3295 1661 3361 (s,
1701 3298 1805 3361 o.),·
1850 3314 1941 3349 am
1993 3300 2063 3348 18
2099 3296 2227 3350 Mai
2275 3295 2508 3349 schreibt
2559 3294 2657 3348 der
2702 3294 2969 3363 enqlt'sche
3005 3293 3381 3356 Gesandteffl]

626 3383 894 3452 Gregorio
929 3384 1005 3437 da
1043 3385 1268 3439 Casale:
1311 3383 1466 3439 buna
1514 3385 1786 3439 indicendi
1824 3386 2039 3440 conciiii
2077 3384 2326 3456 perfecta
2360 3391 2446 3438 est
2482 3391 2540 3439 et
2574 3384 2629 3437 in
2668 3383 2995 3438 concistorio
3030 3383 3289 3452 probata,

617 3473 666 3526 ei
705 3480 889 3527 tamen
927 3471 1095 3526 verba
1130 3472 1400 3543 quaedam
1437 3474 1664 3527 addunt.
1736 3474 2092 3543 Statepapers
2137 3475 2245 3527 Vol.
2280 3478 2314 3527 7
2341 3492 2400 3541 p.
2431 3478 2537 3527 655
2573 3491 2658 3527 nr.
2698 3477 2818 3526 446.
2909 3473 3109 3526 Weiter
3135 3473 3289 3527 Bra·

615 3561 799 3631 yadin
846 3579 937 3615 am
972 3565 1047 3615 26
1084 3562 1242 3614 Mai:
1291 3561 1345 3614 la
1395 3561 1544 3616 bolla
1590 3562 1677 3616 del
1730 3564 1965 3617 concilio
2013 3564 2059 3617 si
2097 3561 2422 3633 publichera
2474 3563 2510 3617 ss
2551 3564 2742 3633 giorno
2778 3563 2918 3616 delle
2963 3570 3290 3633 pentecoste

620 3649 687 3718 [4
723 3649 916 3719 JuniJ,
954 3646 1023 3704 ne
1060 3651 1239 3721 prima
1275 3651 1377 3705 che
1416 3652 1468 3705 la
1504 3652 1570 3706 sii
1609 3652 1896 3721 publicata
1931 3669 1995 3707 ee
2030 3653 2083 3705 n’
2114 3653 2185 3706 ha
2221 3660 2448 3722 possuto
2486 3652 2654 3706 havet
2689 3653 2862 3723 copia.
2909 3653 2943 3706 l.
2974 3654 3005 3705 l.
3034 3651 3128 3706 fol.
3165 3654 3287 3706 79⁸.

620 3739 876 3793 Derselbe
925 3757 1018 3793 am
1064 3744 1138 3793 30
1172 3740 1299 3793 Mai
1312 3760 1329 3794 .·
1378 3741 1455 3795 im
1500 3743 1779 3810 yestriyen
1820 3742 2215 3797 Consiswrium
2263 3744 2341 3795 sei
2389 3743 2507 3795 eine
2541 3743 2708 3795 Bulla
2743 3743 3018 3811 expedint
3056 3743 3153 3797 cles
3189 3746 3381 3802 Ira-35

619 3828 765 3881 halts
802 3829 933 3896 che,
982 3844 1040 3882 se
1077 3845 1178 3899 per
1213 3846 1343 3883 caso
1380 3847 1663 3885 mancasse
1710 3831 1749 3884 il
1787 3829 2048 3900 pontifice
2098 3832 2282 3885 avanti
2335 3832 2389 3885 la
2441 3831 2750 3901 expedition
2795 3831 2884 3884 del
2921 3833 3186 3902 coneilio,
3235 3835 3290 3890 la

621 3917 846 3971 elettion
883 3917 973 3971 del
1001 3934 1287 3972 successor
1322 3936 1423 3973 suo
1460 3936 1567 3974 non
1597 3936 1655 3974 se
1693 3920 2002 3975 intendesse
2043 3921 2361 3990 appan-tenir
2396 3922 2548 3974 salvo
2575 3921 2670 3975 alli
2697 3908 3130 3992 le'cardinali,
3167 3925 3291 3978 eine

620 4005 968 4075 Erklc‘irunq,
1007 4007 1098 4060 die
1132 4008 1277 4061 nach
1306 4009 1458 4062 Aller
1497 4010 1706 4063 Urtheil
1742 4009 2100 4075 ersorclerlich
2134 4027 2369 4080 yewesen
2405 4011 2484 4063 sei
2520 4011 2698 4080 prima
2734 4011 2836 4064 che
2873 4027 2931 4065 se
2968 4011 3289 4081 publicasse

620 4095 676 4149 la
713 4094 861 4150 bolla
896 4096 1042 4150 della
1078 4096 1368 4151 iudittione
1403 4098 1459 4151 di
1497 4116 1619 4153 esso
1657 4099 1905 4154 concilio.
1958 4101 2027 4153 ib.
2066 4098 2159 4153 fol.
2196 4100 2304 4153 80¹³
2343 4101 2466 4169 (ryl.
2497 4100 2681 4171 Καρ-η.
2719 4104 2858 4153 1536
2892 4099 2931 4171 5
2958 4105 3069 4167 33).
3121 4102 3288 4156 End-

620 4185 731 4239 ziela
767 4184 1068 4254 Brayadin
1104 4203 1195 4240 am
1230 4188 1456 4242 5Jum':
1503 4188 1635 4243 Ileri
1675 4189 1729 4242 in
1768 4208 1865 4243 san
1905 4189 2093 4244 Pietro
2130 4189 2189 4243 fu
2226 4189 2515 4259 publicata
2557 4189 2611 4243 la
2647 4190 2796 4244 bolla
2831 4190 2918 4245 del
2957 4192 3195 4247 concilio
3231 4201 3290 4247 et
3307 4195 3384 4249 40

620 4271 812 4328 affissa
838 4275 944 4328 alle
963 4282 1122 4345 porte
1149 4275 1205 4329 di
1235 4293 1333 4330 san
1356 4277 1544 4333 Pietro
1573 4286 1627 4332 et
1657 4296 1753 4332 san
1774 4278 1987 4334 Joanne
2009 4278 2298 4334 Laterano.
2343 4280 2461 4333 Der
2486 4279 2760 4333 Gesandte
2779 4280 2934 4333 kann
2951 4281 3149 4336 bercits
3169 4284 3291 4337 eine

622 4364 789 4433 Copia
823 4364 1143 4431 eimenden,
1182 4366 1373 4419 welche
1410 4383 1468 4421 cr
1507 4367 1602 4420 der
1640 4367 1997 4436 Gefiilliykeit
2032 4368 2341 4423 Alcanders
2377 4369 2667 4436 remmam,
2706 4369 2782 4421 da
2819 4369 2908 4422 die
2945 4370 3111 4425 Bulle
3147 4374 3292 4427 noch

620 4455 778 4509 nicht
810 4454 1075 4523 yedruekt
1114 4456 1203 4508 ist.
1254 4456 1286 4508 l.
1319 4456 1351 4508 Ζ.
1394 4456 1485 4510 fol.
1525 4458 1593 4509 82
1654 4489 1711 4495 —-
1757 4458 1869 4511 Die
1906 4459 2069 4511 Bulle
2118 4459 2187 4512 ist
2219 4459 2484 4527 yedruekt
2523 4477 2575 4513 u.
2613 4478 2665 4512 a.
2705 4460 2767 4511 in
2803 4458 3095 4530 Raynalcli
3135 4463 3288 4515 Anu.

623 4545 743 4599 eccl.
774 4547 917 4597 1536
950 4542 989 4614 5
1016 4547 1104 4611 35,
1144 4544 1348 4597 datiert
1386 4562 1504 4599 rom
1542 4550 1576 4597 4
1613 4548 1757 4600 Jum‘
1794 4547 1888 4601 des
1924 4549 2146 4601 zweiten
2179 4549 2691 4615 Pontificatsjahres
2734 4548 2866 4615 (inc.
2897 4549 2983 4602 Ad
3025 4550 3290 4606 dominici

620 4634 806 4705 gregis
843 4632 1076 4703 euram).
3307 4641 3382 4695 45

764 4720 811 4792 ²)
854 4724 1026 4777 Unter
1062 4722 1181 4776 dem
1219 4727 1288 4775 14
1325 4723 1467 4778 Jum?
1503 4725 1731 4779 wmden
1761 4725 2077 4781 Caracciolo
2113 4727 2233 4780 und
2270 4726 2539 4781 'Prii-ulcio
2577 4728 2714 4782 beim
2741 4727 2963 4795 Kaiser,
3004 4728 3292 4784 Trinakio
