3500 5300
1233 343 1332 398 No.
1370 344 1469 399 82:
1509 344 1648 399 1538
1685 345 1830 399 Mfirz
1866 347 1954 401 23.
2819 346 2929 408 &5

440 535 619 604 Tutti
678 535 723 602 li
775 536 979 603 adiuti
1035 540 1283 604 externi
1340 541 1476 605 sino
1536 564 1577 605 a
1636 542 1835 628 quest'
1881 541 2037 607 hora
2095 565 2248 608 sono
2305 544 2557 628 incerti,
2618 551 2683 609 et
2740 546 2926 611 stimo
3001 549 3143 600 1538

264 642 379 708 che
434 643 755 710 facendosi
815 644 983 710 bona
1040 645 1420 712 resolutione
1492 670 1605 734 per
1663 655 1825 713 tutto
1888 651 2124 735 giugno
2192 652 2482 735 proximo
2549 673 2675 716 non
2744 656 2928 738 potra
2944 620 3090 743 Jssfg
3125 622 3203 673 23

263 771 467 838 essere
511 753 790 816 exercito
835 753 900 816 in
948 775 1154 818 essere
1200 775 1313 840 per
1359 754 1674 819 offendere
1720 754 1763 818 li
1810 757 1984 841 paesi
2030 756 2111 820 de
2158 756 2414 822 Turchi.

440 857 545 923 Ho
603 859 805 923 inteso
853 858 968 923 che
1027 860 1344 925 essendosi
1389 862 1549 926 satta
1592 864 1897 927 instantia
1943 886 2129 950 sopra
2173 863 2234 927 la
2280 864 2452 929 dieta
2495 864 2820 951 imperiale
2866 865 2928 930 al

209 969 244 1021 5
262 965 672 1051 imperatore,
734 965 867 1030 Sua
925 965 1172 1032 Maesta
1219 967 1492 1032 Cesarea
1551 968 1636 1033 ha
1694 971 1913 1034 scritto
1971 993 2011 1035 a
2069 980 2289 1057 questo
2349 994 2417 1036 re
2476 981 2538 1037 et
2596 972 2658 1037 al
2718 973 2929 1038 dottor

261 1070 537 1136 Mathias
595 1071 711 1136 che
768 1072 1138 1159 parendogli
1196 1075 1570 1160 expediente
1634 1075 1980 1141 deliberino
2041 1077 2310 1143 secondo
2370 1078 2434 1142 la
2487 1077 2750 1145 volunta
2795 1103 2926 1145 sua.

260 1178 644 1244 nondimeno
689 1201 804 1265 per
848 1181 1048 1266 quest'
1093 1202 1263 1245 anno
1310 1182 1360 1244 si
1406 1182 1535 1267 pub
1593 1184 1791 1247 tenire
1850 1192 2021 1248 certo
2068 1183 2185 1248 che
2241 1207 2368 1249 non
2428 1186 2480 1249 si
2525 1185 2717 1250 debia
2773 1188 2927 1272 fare,

260 1284 605 1350 vedendosi
669 1288 828 1351 tanti
874 1287 1307 1373 impedimenti
1352 1310 1393 1351 a
1451 1296 1674 1374 questa
1718 1289 1964 1355 Maesta
2020 1294 2510 1378 occupatissima
2565 1292 2727 1358 nelle
2784 1316 2925 1380 pro·

258 1393 492 1457 visioni
536 1400 600 1458 et
643 1416 871 1479 guerre
917 1392 1007 1458 dil
1052 1393 1280 1458 Turco.

173 1505 242 1557 10
441 1499 524 1564 Li
567 1499 919 1565 Lutherani
963 1500 1158 1564 fanno
1219 1523 1378 1585 gran
1425 1502 1579 1565 moti
1626 1501 1866 1567 d'arme
1911 1512 1976 1567 et
2031 1527 2158 1570 non
2207 1508 2258 1570 si
2304 1529 2378 1570 sa
2420 1506 2466 1570 il
2510 1506 2666 1570 fine:
2714 1506 2925 1571 alcuni

261 1607 532 1671 stimano
578 1628 691 1694 per
730 1605 1244 1672 subordinatione
1275 1607 1342 1671 di
1374 1606 1660 1690 Franza3
1705 1608 1916 1672 alcuni
1965 1632 2245 1696 pensano
2271 1610 2407 1695 che,
2454 1614 2848 1679 conoscendo
2878 1613 2926 1678 li

259 1711 479 1799 populi
509 1712 657 1778 delli
681 1714 936 1778 vescovi
966 1721 1029 1777 et
1059 1715 1333 1799 principi
1360 1714 1653 1779 catholici
1686 1715 2017 1800 sublevati,
2053 1718 2305 1803 voglino
2335 1742 2449 1805 per
2480 1720 2655 1785 forza
2677 1721 2923 1787 ridurre

261 1818 389 1884 alla
453 1819 551 1885 lor
618 1820 763 1885 fede
830 1819 1039 1907 quella
1096 1829 1276 1906 parte
1344 1821 1410 1885 di
1468 1822 1817 1886 Germania
1872 1823 1987 1888 che
2041 1835 2323 1911 potrano.
2433 1827 2814 1892 nondimeno
2881 1826 2926 1891 il

262 1926 585 1991 cardinale
617 1927 991 2013 Magantino
1023 1935 1084 1991 et
1124 1927 1335 1993 alcuni
1380 1928 1523 1992 altri
1559 1929 1856 1994 catholici
1900 1932 2170 2017 principi
2203 1954 2480 2018 pensano
2527 1933 2670 1997 farli
2718 1933 2925 2000 obstae

171 2045 241 2098 15
261 2033 422 2118 culo,
468 2057 575 2099 ma
619 2036 671 2099 si
716 2036 844 2122 puo
890 2042 1121 2099 temere
1166 2035 1232 2099 di
1279 2033 1544 2121 qualche
1590 2036 1896 2101 seditione
1941 2040 2334 2122 gravissima.

438 2140 681 2206 Perche
741 2141 906 2207 nella
961 2139 1407 2227 capitulatione
1466 2141 1633 2206 della
1692 2142 1821 2228 liga
1879 2145 1947 2208 vi
1992 2146 2027 2208 6
2074 2145 2190 2210 6116
2234 2147 2286 2210 si
2333 2146 2526 2211 habb'
2574 2170 2615 2211 a
2657 2147 2792 2213 fare
2841 2160 2923 2216 20

258 2246 412 2312 mila
454 2247 852 2332 lantzinechi,
900 2247 1191 2313 havendo
1236 2250 1546 2313 ricercato
1592 2244 1663 2313 se⁸
1704 2251 1785 2314 de
1831 2251 1929 2315 cio
1960 2253 1996 2315 ὸ
2036 2252 2185 2317 dato
2218 2254 2458 2338 ordine,
2504 2254 2594 2318 fin
2639 2277 2680 2318 a
2724 2257 2922 2342 quest'

256 2352 418 2419 hora
462 2362 642 2421 trovo
690 2379 815 2421 non
862 2378 1067 2420 essere
1112 2364 1348 2420 venuta
1395 2356 1834 2421 commissione
1880 2356 2112 2422 alcuna
2153 2358 2325 2424 dalla
2355 2359 2629 2425 Cesarea
2659 2360 2923 2445 Maesta,

258 2460 505 2527 benche
561 2465 626 2527 in
675 2462 1023 2529 Germania
1081 2464 1176 2527 sia
1233 2470 1409 2527 certa
1466 2485 1711 2527 summa
1770 2465 1850 2528 de
1914 2464 2134 2530 denari
2193 2475 2534 2553 preparata
2579 2474 2642 2533 et
2685 2469 2922 2534 s'inter-

164 2581 241 2635 20
260 2576 532 2656 tengono
579 2569 790 2635 alcuni
836 2572 977 2658 capi
1024 2572 1533 2635 continuamente
1577 2593 1619 2634 a
1664 2594 1851 2636 nome
1897 2572 1962 2636 di
2010 2573 2141 2638 Sua
2184 2572 2457 2638 Cesarea
2501 2575 2763 2641 Maesta.

437 2677 537 2742 La
584 2678 920 2744 collatione
967 2679 1124 2743 satta
1166 2680 1233 2743 in
1279 2680 1646 2765 monsignor
1692 2679 1759 2743 di
1809 2680 2062 2745 Vienna
2094 2680 2162 2770 ¹),
2211 2680 2360 2768 qual
2407 2681 2565 2747 hora
2595 2685 2630 2747 ὲ
2662 2683 2923 2750 absente

258 2784 323 2849 al
368 2808 481 2850 suo
526 2794 840 2870 vescoato,
887 2787 923 2850 ὲ
969 2794 1134 2851 stata
1177 2787 1537 2871 gratissima
1580 2809 1621 2850 a
1668 2795 1892 2874 questa
1935 2788 2210 2872 Maesta,
2271 2789 2418 2876 qual
2463 2812 2546 2853 ne
2605 2793 2923 2875 ringracia

259 2891 392 2957 Sua
420 2892 670 2958 Santita
713 2916 834 2958 con
874 2893 1067 2958 molto
1114 2894 1469 2958 testimonio
1515 2892 1683 2959 della
1726 2895 1899 2958 virtu
1946 2901 2012 2960 et
2053 2897 2258 2960 meriti
2305 2895 2409 2961 del
2453 2897 2738 2983 predetto
2783 2922 2920 2964 ves-

259 3021 433 3065 covo.
510 2999 555 3064 il
587 2998 788 3064 simile
833 3000 900 3064 fa
942 2998 989 3064 il
1034 3000 1161 3065 ΒΜ
1209 3000 1603 3086 Tridentin0,
1652 3001 1802 3088 qual
1849 3003 1946 3066 fra
1990 3003 2181 3088 pochi
2225 3004 2429 3089 giorni
2467 3007 2707 3090 partira
2751 3006 2923 3070 dalla

163 3116 239 3171 25
261 3114 435 3172 corte
478 3115 544 3172 et
589 3107 834 3172 andara
878 3107 962 3171 ad
1007 3131 1138 3172 una
1182 3108 1354 3172 dieta
1400 3108 1487 3172 dil
1535 3109 1807 3174 contado
1853 3109 1933 3174 de
1979 3108 2181 3175 Tiroli
2195 3163 2213 3194 ,
2261 3111 2449 3198 dopoi
2497 3110 2557 3174 al
2603 3120 2916 3196 vescoatO,

258 3221 321 3278 et
366 3216 511 3278 sara
555 3215 765 3279 vicino
810 3213 874 3279 al
919 3214 1203 3280 concilio.

435 3320 643 3386 Credo
702 3323 869 3385 saria
927 3323 992 3385 in
1051 3322 1371 3408 proposito
1431 3321 1548 3387 che
1605 3322 1735 3388 Sua
1795 3323 2044 3389 Santita
2103 3325 2167 3389 di
2227 3347 2394 3390 novo
2454 3326 2758 3391 scrivesse
2813 3326 2919 3393 alli

258 3428 646 3492 arcivescovi
704 3427 1167 3514 metropolitani
1226 3429 1306 3493 de
1351 3427 1698 3494 Germania
1757 3429 2179 3496 chiamandoli
2226 3430 2286 3496 al
2331 3441 2621 3518 presente
2664 3434 2726 3498 al
2773 3457 2918 3499 con·

257 3533 418 3617 cilio,
462 3534 696 3621 perche
741 3534 1021 3600 anchora
1066 3558 1217 3600 sono
1264 3537 1490 3600 incerti
1534 3545 1597 3600 et
1642 3559 1762 3600 con
1812 3538 2003 3602 fatica
2047 3537 2107 3603 lo
2148 3539 2422 3604 credono
2470 3541 2550 3605 ne
2598 3563 2918 3606 venerano

159 3652 237 3706 30
257 3663 446 3706 senza
489 3665 657 3707 novo
704 3642 926 3707 ordine
973 3642 1038 3706 di
1084 3644 1217 3708 Sua
1261 3643 1511 3709 Santita
1537 3644 1609 3728 ¹²).

432 3749 511 3815 In
556 3748 621 3814 la
663 3750 966 3835 petitione
1012 3749 1153 3815 dell'
1204 3749 1353 3814 111=¹=⁰
1400 3752 1614 3836 signor
1658 3750 2020 3816 Guilhelmo
2066 3754 2146 3818 de
2191 3753 2585 3838 Regendorff
2621 3755 2656 3817 ὲ
2703 3776 2917 3819 neces·

256 3856 422 3921 sario
467 3855 583 3921 che
628 3856 705 3921 V.
754 3857 817 3924 S.
864 3857 992 3922 Rum
1036 3859 1091 3922 si
1135 3857 1326 3943 degni
1373 3859 1471 3923 far
1531 3858 1676 3923 bon'
1734 3858 1942 3923 officio
2005 3882 2124 3924 con
2171 3860 2303 3925 Sua
2348 3861 2626 3942 Santita,
2686 3862 2917 3950 perche

254 3971 479 4050 questa
508 3962 754 4029 Maesta
797 3963 991 4029 molto
1035 3964 1097 4029 lo
1143 3964 1434 4030 desidera
1478 3973 1542 4030 et
1572 3988 1686 4052 per
1716 3966 1814 4030 cio
1859 3988 1942 4030 ne
1974 3966 2058 4030 ha
2086 3967 2235 4032 dato
2265 3968 2703 4032 commissione
2733 3967 2919 4034 calda

255 4069 359 4135 all’
404 4078 634 4156 agente
679 4093 793 4136 suo
839 4074 1016 4137 costi.

156 4186 234 4242 35
432 4177 507 4242 L’
554 4177 703 4242 111ιπιο
758 4181 972 4264 signor
1028 4179 1194 4244 duca
1239 4178 1516 4265 Georgio
1563 4179 1630 4243 di
1673 4179 1988 4264 Saxonia,
2035 4180 2394 4245 firmissima
2439 4179 2706 4246 colonna
2750 4180 2916 4247 della

256 4284 398 4349 fede
442 4283 771 4370 catholica,
818 4288 905 4350 mi
961 4286 1045 4350 ha
1088 4287 1244 4351 fatto
1290 4285 1353 4350 la
1399 4288 1509 4373 qui
1557 4285 1818 4372 alligata
1870 4287 2184 4371 ricbiesta,
2232 4310 2410 4353 come
2457 4288 2533 4352 V.
2581 4288 2643 4354 S.
2691 4290 2818 4353 ΒΜ
2863 4292 2914 4353 si

257 4391 540 4478 degnara
594 4393 825 4458 vedere
870 4403 932 4459 et
975 4394 1111 4459 fare
1170 4395 1497 4460 intendere
1543 4418 1584 4458 a
1629 4394 1761 4460 Sua
1805 4396 2054 4461 Santita
2098 4417 2217 4460 con
2263 4394 2326 4459 la
2372 4397 2640 4482 risposta
2683 4398 2814 4460 mia
2839 4398 2914 4480 ²),

396 4553 441 4602 a)
470 4553 535 4594 Ne
565 4575 610 4583 -
643 4554 819 4594 satist
844 4565 922 4594 von
952 4555 1157 4595 Hor-ones
1188 4554 1312 4595 Hand
1338 4555 1651 4605 nachqdruam.

398 4644 417 4673 ι

155 4736 235 4791 40
397 4646 443 4793 ’1
481 4644 890 4790 {caenavit-Ze
925 4752 967 4790 ε.
1005 4736 1068 4788 in
1106 4734 1213 4788 den
1248 4736 1516 4804 Beilayen
1554 4734 1724 4789 dieses
1763 4733 2003 4789 Bandcs.
