3500 5300
1282 332 1383 390 No.
1421 336 1520 391 51:
1561 335 1692 391 1531
1732 336 1844 390 Juli
1882 337 1967 391 22.
2863 337 2966 398 193

296 530 415 594 wie
459 529 572 593 der
624 528 834 595 Curia.
930 530 1066 597 Der
1094 530 1307 613 Papst
1355 533 1433 596 ist
1480 538 1640 597 trotz
1672 534 2091 616 unyiinstiyer
2121 534 2494 598 Antworten
2525 556 2647 599 aus
2673 535 2962 616 Spane'en

294 636 430 700 und
471 634 866 703 Frankreich
916 638 1105 720 eifre‘q
1159 639 1447 717 beflissen
1503 639 1623 704 das
1674 638 1897 705 Concil
1951 661 2032 705 zu
2077 637 2318 705 Smndc
2376 662 2460 705 zu
2519 642 2780 724 brinqen
2823 645 2963 708 und

295 744 397 808 die
439 743 718 809 Fizrsten
759 743 1053 824 friedlich
1097 767 1180 810 zu
1225 747 1535 812 stimmen.
1643 733 1810 813 Uber
1855 748 1992 811 cine
2036 744 2337 830 Senduny
2385 769 2474 813 an
2519 749 2780 814 «solemma
2824 750 2962 815 Eck

294 851 432 916 und
471 851 921 934 Erforderuny
967 853 1077 917 der
1108 854 1399 918 Antwort
1444 853 1750 919 desselben
1795 854 1996 939 [nach
2042 855 2210 917 1537
2253 853 2400 920 Julc'
2444 859 2536 920 22
2589 857 2782 941 Rom]
2817 861 2884 943 ¹).

238 988 274 1041 ὃ
435 996 559 1050 Ans
607 997 776 1064 Rom,
828 997 996 1052 Arela.
1040 997 1163 1049 Vat.
1216 996 1438 1051 Lettere
1489 996 1572 1051 de’
1623 996 1865 1067 principi
1901 996 2026 1052 Vol.
2069 998 2174 1050 14⁸
2209 996 2302 1051 fol.
2340 998 2702 1053 350b—352·
2747 1005 2963 1069 spat-ere

506 1087 802 1155 Abschrift,
840 1086 1148 1140 undatim.

467 1185 526 1275 Ε
584 1233 771 1298 parso
830 1211 1023 1276 molto
1084 1218 1296 1275 strano
1357 1234 1396 1274 a
1443 1209 1673 1274 Nostro
1734 1209 2002 1296 Signore
2059 1210 2267 1297 quello
2331 1211 2448 1276 che
2507 1214 2584 1279 V.
2634 1215 2693 1280 S.
2756 1216 2960 1280 scrive

291 1318 456 1383 della
501 1318 744 1405 synodo
792 1318 950 1383 satta
994 1320 1061 1382 in
1107 1319 1170 1382 la
1214 1319 1545 1404 provincia
1590 1315 1656 1381 di
1702 1314 2013 1404 Salsburg
2038 1320 2128 1403 ⁹),
2189 1321 2241 1382 sl
2304 1341 2419 1405 per
2480 1323 2715 1386 esservi
2771 1323 2958 1387 inter-

289 1432 522 1490 venute
567 1447 831 1512 persone
878 1424 999 1490 alle
1045 1425 1214 1512 quali
1262 1448 1387 1489 non
1436 1433 1797 1511 peneneva,
1847 1446 2027 1490 come
2080 1463 2160 1473 —
2210 1434 2272 1491 et
2317 1427 2510 1491 molto
2552 1429 2662 1514 piu
2709 1464 2797 1475 —
2843 1450 2960 1514 per

204 1542 271 1595 10
290 1533 509 1596 essersi
554 1540 814 1597 11611610
860 1535 925 1597 in
973 1532 1147 1597 detta
1192 1531 1436 1618 synodo
1485 1554 1630 1595 cose
1674 1530 1734 1595 le
1781 1531 1952 1618 quali
2000 1534 2179 1620 quasi
2212 1555 2250 1596 a
2283 1556 2444 1619 gran
2476 1556 2643 1620 pena
2674 1534 2956 1600 ardireb-

290 1637 458 1704 bono
504 1639 590 1725 gli
636 1639 894 1705 heretici
942 1661 1247 1726 proporre
1294 1638 1394 1703 nel
1443 1638 1712 1703 concilio
1760 1638 2147 1723 universale3
2208 1642 2342 1705 ansi
2389 1662 2505 1726 per
2558 1641 2807 1707 diverse
2853 1643 2955 1707 vie

290 1748 339 1808 si
387 1747 423 1809 6
469 1748 874 1832 cognosciuto
924 1745 1040 1810 6116
1086 1746 1238 1811 detti
1286 1746 1542 1811 heretici
1606 1747 1655 1809 si
1716 1743 2287 1812 contentarebbero
2357 1755 2684 1813 ottenerne
2752 1750 2820 1813 in
2867 1772 2953 1814 un

289 1853 554 1918 concilio
613 1853 905 1939 generale
966 1855 1154 1918 etiam
1216 1875 1346 1917 una
1403 1851 1465 1916 di
1524 1850 1730 1940 quelle
1781 1873 1923 1917 cose
1969 1855 2210 1917 enormi
2257 1862 2554 1940 proposte
2602 1856 2666 1919 in
2714 1861 2955 1921 cotesta

289 1959 530 2045 synodo
576 1961 997 2046 provinciale!
1089 1968 1153 2025 et
1196 1982 1310 2046 per
1354 1959 1455 2022 dir
1501 1959 1542 2023 il
1602 1980 1756 2023 vero
1803 1981 1957 2045 pare
2005 1957 2121 2024 che
2167 1958 2208 2022 li
2257 1962 2455 2025 nostri
2502 1960 2818 2028 Catholici
2864 1964 2953 2027 ivi

198 2075 268 2128 15
288 2068 666 2131 intervenuti
727 2066 960 2131 habino
1021 2090 1061 2131 a
1119 2072 1336 2154 questo
1398 2065 1587 2130 modo
1646 2066 1863 2130 voluto
1933 2066 2399 2153 quodammodo
2460 2067 2577 2132 dar
2636 2070 2951 2155 principio

287 2173 347 2237 al
395 2173 660 2239 concilio
707 2174 1055 2249 nationale,
1102 2172 1309 2261 quello
1357 2172 1472 2237 6116
1520 2173 1581 2238 16
1625 2172 1873 2237 Maesta
1917 2170 2193 2237 Cesarea
2240 2196 2418 2239 come
2463 2174 2952 2260 prudentissima

287 2280 681 2345 conoscendo
727 2302 895 2345 esser
926 2282 1279 2367 pernicioso
1329 2302 1455 2343 non
1487 2278 1618 2344 solo
1650 2279 1776 2343 alla
1809 2278 2040 2359 chiesa,
2087 2302 2193 2343 ma
2223 2287 2388 2345 tutta
2433 2280 2496 2345 la
2542 2280 2951 2347 Christianita

285 2385 369 2450 ha
425 2408 673 2473 sempre
733 2387 1035 2452 damnato
1094 2395 1158 2451 et
1217 2385 1550 2473 prohibito,
1656 2392 1720 2451 et
1778 2384 2012 2473 perche
2063 2386 2136 2450 V.
2183 2386 2246 2452 S.
2307 2386 2616 2453 dimostra
2675 2388 2776 2454 nel
2835 2411 2948 2453 suo

285 2494 559 2559 scrivere
604 2493 765 2559 bene
811 2494 1138 2560 intendere
1184 2494 1712 2558 l’inconveniente
1759 2493 1827 2558 di
1871 2494 2046 2558 detta
2091 2494 2356 2581 synod0‚
2404 2517 2531 2559 non
2579 2495 2616 2560 ὸ
2662 2494 2748 2560 da
2791 2494 2950 2561 dirle

189 2609 267 2665 20
286 2599 446 2666 altro
493 2623 559 2666 se
604 2623 733 2667 non
781 2599 896 2667 che
943 2602 1112 2667 veda
1157 2601 1222 2666 di
1270 2609 1557 2667 extrarre
1602 2599 1961 2667 fidelmente
2006 2599 2070 2665 la
2117 2602 2303 2688 copia
2347 2600 2510 2668 delle
2559 2602 2949 2669 conclusioni

285 2717 349 2772 et
406 2710 522 2773 atti
579 2709 721 2773 fatti
767 2710 832 2774 in
879 2709 1056 2774 detta
1099 2709 1342 2796 synodo
1389 2716 1453 2773 et
1495 2709 1604 2795 poi
1650 2708 2026 2773 dimostrare
2071 2731 2111 2773 a
2157 2709 2365 2796 quella
2411 2709 2656 2775 Maesta
2710 2720 2947 2797 quanto

283 2838 495 2881 errore
541 2817 633 2880 sia
678 2817 835 2881 fatto
880 2824 945 2882 et
989 2827 1228 2903 quanta
1286 2815 1687 2902 displicentia
1730 2837 1813 2879 ne
1859 2813 2010 2879 habi
2057 2817 2493 2881 meritamente
2524 2817 2656 2883 Sua
2701 2818 2948 2884 Santita

283 2921 347 2987 di
417 2930 638 3009 questo
708 2922 1060 3004 disordine,
1123 2922 1241 2987 che
1301 2921 1702 2987 anchorache
1760 2922 1841 2986 de
1888 2922 2037 3009 jure
2093 2924 2189 2987 sia
2246 2922 2537 2988 ordinato
2596 2925 2648 2988 si
2695 2925 2944 2989 saccino

282 3030 511 3116 synodi
564 3030 977 3116 provinciali,
1037 3030 1421 3095 nondimeno
1482 3036 1685 3094 attesa
1742 3029 1804 3093 la
1863 3029 2223 3095 conditione
2283 3029 2364 3094 de
2423 3032 2618 3117 tempi
2677 3028 2946 3097 sarebbe

187 3144 262 3198 25
281 3136 508 3223 meglio
568 3159 694 3202 non
756 3136 913 3202 farle
970 3160 1008 3202 o
1062 3137 1311 3201 almeno
1374 3158 1495 3201 con
1555 3137 1703 3221 ogni
1760 3135 2036 3201 sobrieta
2080 3144 2145 3201 61
2186 3136 2526 3223 prudentia
2571 3144 2833 3202 trattare
2877 3140 2944 3203 in

280 3266 418 3308 esse
465 3266 609 3309 cose
653 3244 865 3310 donde
908 3267 1036 3309 non
1084 3242 1408 3308 accreschi
1452 3243 1494 3308 il
1530 3241 1833 3308 scandalo
1866 3242 1981 3308 che
2012 3242 2230 3330 hogidi
2261 3244 2490 3329 regna!
2583 3251 2646 3310 et
2676 3243 2946 3310 bastava

280 3349 443 3416 bene
487 3351 604 3416 che
658 3352 725 3416 in
784 3349 994 3439 quella
1054 3350 1298 3439 synodo
1359 3353 1412 3416 si
1468 3350 1636 3416 fusse
1694 3351 1855 3416 satta
1910 3350 1975 3416 la
2033 3350 2322 3416 elettione
2367 3349 2526 3417 delle
2573 3373 2839 3438 persone
2886 3353 2944 3418 le

277 3457 451 3546 quali
497 3456 833 3524 havessero
877 3482 918 3523 a
965 3479 1332 3546 comparere
1376 3458 1480 3522 nel
1527 3458 1797 3521 concilio
1843 3456 2159 3544 generale,
2218 3465 2282 3523 et
2338 3458 2458 3523 dar
2500 3458 2635 3523 loro
2679 3459 2747 3522 in
2791 3465 2944 3523 nota

277 3565 485 3653 quello
532 3564 648 3630 che
692 3586 947 3653 paresse
991 3566 1105 3652 piu
1150 3566 1501 3629 necessario
1566 3572 1630 3629 et
1675 3571 1938 3651 urgente
1982 3564 2068 3628 da
2111 3566 2412 3651 proporvi
2428 3615 2446 3649 ,
2506 3571 2570 3629 61
2627 3563 2944 3630 richieder

181 3680 259 3735 30
277 3682 342 3738 et
399 3694 526 3738 non
585 3673 908 3759 disputare
964 3680 1028 3736 et
1086 3669 1467 3737 concludere
1521 3670 1581 3736 le
1625 3671 1921 3753 materie,
1982 3692 2161 3736 come
2205 3670 2283 3735 V.
2332 3671 2393 3737 S.
2453 3672 2660 3736 scrive
2719 3673 2941 3737 essersi

276 3779 437 3844 fatto
493 3780 560 3843 in
619 3778 795 3844 detta
850 3777 1112 3865 synodo.
1202 3775 1248 3842 il
1309 3777 1427 3843 che
1471 3776 1549 3841 V.
1597 3777 1660 3843 S.
1725 3778 1865 3842 fara
1917 3776 2207 3843 intendet
2250 3784 2313 3842 et
2358 3801 2397 3841 a
2443 3776 2651 3866 quella
2694 3778 2943 3844 Maesta

276 3892 343 3950 61
386 3885 469 3950 ad
517 3907 772 3973 ognuno
820 3907 941 3951 ove
988 3883 1406 3973 appartenghi
1419 3934 1438 3969 ‚
1486 3907 1593 3948 ma
1635 3907 1767 3949 non
1814 3884 1976 3949 sacci
2022 3884 2109 3949 tal
2157 3885 2690 3950 demonstratione
2734 3888 2940 3972 prima

275 3992 394 4058 che
438 3991 591 4058 habi
634 4001 1007 4079 recuperato
1053 3991 1098 4057 li
1143 3993 1260 4058 atti
1306 3999 1369 4057 et
1412 3989 1802 4057 conclusioni
1848 3991 2227 4077 sopradette,
2272 3989 2526 4078 perche,
2572 3994 2937 4058 mostrando

275 4098 487 4187 quella
530 4099 795 4183 Maesta,
842 4121 1021 4164 come
1069 4098 1145 4163 V.
1193 4098 1254 4164 S.
1303 4099 1542 4182 scrive,
1600 4121 1761 4186 gran
1809 4097 2197 4185 displicenza
2241 4098 2309 4164 di
2354 4107 2575 4186 questo
2622 4121 2831 4165 errore
2876 4109 2940 4165 61

179 4280 254 4335 35
422 4277 466 4348 ¹)
504 4278 630 4334 Das
664 4277 952 4334 Schreiben
1002 4277 1169 4333 beldet
1224 4277 1313 4331 die
1351 4278 1607 4332 Antwort
1652 4276 1771 4344 auf
1797 4294 1881 4332 nr.
1920 4280 2016 4345 48,
2065 4277 2282 4334 1116161166
2331 4278 2454 4331 taut
2491 4277 2937 4335 Rdsentations·

273 4367 511 4422 1161-1116111
558 4386 651 4422 am
684 4372 764 4422 22
800 4367 925 4422 Juli
974 4368 1269 4437 61196161191
1316 4383 1465 4435 war;
1514 4367 1648 4422 bald
1685 4366 1911 4435 darauf
1948 4367 2137 4434 aurfte
2185 4366 2565 4438 Vorlieyendes
2596 4368 2938 4437 aeschriobm

272 4473 466 4613 Μ’)
504 4548 602 4600 An
650 4546 759 4601 (1611
794 4545 1130 4613 Erzbischof
1164 4563 1270 4601 von
1304 4545 1571 4615 Sabbura
1620 4546 1848 4601 richtete
1897 4545 1995 4601 der
2040 4545 2216 4614 Papst
2264 4551 2429 4600 umor
2478 4546 2598 4600 dem
2643 4548 2677 4600 5
2713 4546 2936 4616 Auyust

272 4634 487 4700 ocharse
528 4634 808 4701 Vorwarse
836 4652 1014 4705 11169611
1050 4637 1149 4690 der
1176 4635 1292 4703 auf
1318 4635 1415 4690 der
1441 4634 1660 4707 synode
1684 4635 2160 4707 voryekomnaenen
2196 4635 2693 4706 Unyehoriqkeiten.
2746 4635 2932 4707 Rayn.

177 4732 254 4786 40
276 4730 425 4783 Arm.
458 4725 661 4781 Eccles.
693 4730 836 4780 1537
861 4724 900 4796 5
926 4728 1012 4779 35.
1078 4712 1217 4779 Uber
1254 4724 1344 4779 die
1371 4724 1695 4794 Β6οον91υι9
1732 4723 1826 4779 des
1861 4724 2038 4778 Breve
2073 4723 2252 4778 durch
2281 4724 2512 4778 Marone
2539 4742 2580 4779 s.
2609 4742 2664 4778 u.
2695 4741 2782 4779 nr.
2810 4726 2896 4779 57.

382 4831 1001 4881 Nuntiaturberlchto,
1031 4832 1149 4875 61616
1174 4830 1463 4884 Δὴῦιοῦιιιις.
1494 4831 1570 4873 nd.
1600 4832 1660 4873 11.
2441 4816 2507 4867 13

3037 542 3141 591 153
3148 543 3179 591 7

2978 610 3102 664 Juli
3136 614 3213 664 22
