3500 5300
1269 366 1369 423 No,
1408 367 1541 423 104:
1581 366 1719 423 1538
1752 365 1866 421 Juli
1903 365 1988 421 19.
2851 357 2956 418 817

476 567 581 631 De
626 564 905 631 Fiandra
949 570 983 630 6
1031 573 1264 631 venuto
1323 585 1492 628 nova
1537 563 1703 627 della
1748 571 1949 631 morte
1997 560 2102 626 del
2148 560 2316 626 duca
2361 557 2444 624 (16
2490 555 2756 623 Geldria
2789 560 2847 639 ¹),
2895 565 2960 622 et

300 682 526 760 questa
570 674 824 737 Maesta
870 694 1057 758 spera
1114 672 1233 736 che
1293 693 1482 736 senza
1537 671 1763 735 alcuno
1810 671 2077 755 strepito
2123 669 2185 732 la
2231 665 2506 732 Cesarea
2549 664 2804 730 Maesta
2850 665 2960 728 ha-

266 770 451 846 ‘vera
506 780 549 843 11
610 801 905 866 90666660
963 787 1207 845 attento
1267 779 1329 844 la
1385 788 1607 862 tregua
1668 777 1832 842 satta
1876 801 1918 842 a
1957 785 2172 863 tempo
2218 797 2332 861 per
2377 772 2508 839 Sua
2551 772 2959 839 Beatitudine

301 898 366 952 et
411 895 656 953 attento
700 886 761 952 16
807 888 1049 971 ragioni
1095 885 1307 951 chiare
1326 969 1333 974 ,
1353 884 1523 949 (16116
1566 884 1822 949 Maesta
1852 881 1999 964 Sua,
2056 881 2324 948 essendo
2380 884 2641 946 estintta
2685 882 2746 947 la
2792 881 2960 945 linea

247 1005 283 1058 5
300 991 404 1058 del
450 992 699 1080 prefato
748 991 930 1072 duca,
976 1001 1042 1058 et
1085 1001 1311 1078 questa
1355 993 1607 1056 Maesta
1665 999 1902 1056 mostra
1962 1012 2174 1055 essere
2231 1010 2382 1056 cosa
2429 989 2494 1053 di
2538 987 2958 1073 grandissimo

298 1109 618 1164 momento
664 1103 731 1164 in
778 1099 984 1185 quelle
1030 1103 1193 1185 parti
1242 1108 1305 1163 et
1351 1122 1430 1163 ne
1478 1098 1545 1162 fa
1588 1120 1747 1183 gran
1794 1099 1999 1162 stima.

477 1205 573 1269 Mi
621 1205 790 1269 disse
837 1227 1066 1271 ancora
1114 1205 1264 1271 ch'il
1307 1227 1376 1269 re
1424 1204 1822 1289 d’Ing-ilterra
1864 1203 2071 1269 dovea
2114 1201 2414 1267 mandare
2462 1201 2563 1266 doi
2612 1200 2959 1266 ambascia-

299 1314 420 1376 tori
467 1311 589 1378 alla
635 1310 911 1378 Cesarea
956 1312 1241 1394 Maesta3
1299 1335 1401 1377 ma
1459 1334 1586 1376 non
1645 1311 1823 1378 volse
1886 1310 2021 1376 dire
2079 1311 2142 1375 la
2187 1331 2378 1374 causa
2422 1307 2786 1373 mostrando
2833 1329 2958 1371 non

302 1421 567 1505 saperla.

216 1538 285 1593 10
478 1525 737 1604 Quanto
796 1526 916 1591 alle
976 1549 1122 1593 cose
1182 1525 1249 1590 di
1294 1524 1540 1590 Franza
1598 1523 1728 1590 Sua
1785 1524 2040 1589 Maesta
2098 1544 2282 1609 spera
2342 1523 2461 1589 che
2519 1530 2744 1608 questo
2790 1544 2957 1588 novo

302 1654 643 1716 congresso
702 1632 770 1697 di
838 1633 1125 1697 Marsilia
1183 1641 1281 1697 tra
1337 1633 1381 1696 li
1444 1631 1551 1697 dui
1612 1631 1882 1717 principi
1913 1633 1957 1710 ²)
2028 1629 2343 1694 mediante
2403 1630 2464 1694 16
2511 1627 2698 1694 serm
2743 1632 2958 1713 reg-ina

302 1738 368 1803 di
427 1737 671 1803 Franza
731 1739 965 1803 debbia
1023 1741 1398 1824 aggiongere
1455 1737 1721 1823 qualche
1773 1735 1927 1802 'bon'
1986 1736 2204 1801 effetto
2264 1737 2384 1802 alle
2443 1737 2829 1801 conclusioni
2891 1734 2973 1800 di⁴

303 1845 434 1911 Sua
498 1844 938 1924 Beatitudine‚
1004 1847 1167 1910 oltra
1233 1846 1352 1910 che
1415 1844 1546 1910 Sua
1603 1845 1858 1909 Maesta
1917 1867 2102 1932 spera
2160 1846 2324 1909 assai
2385 1867 2499 1930 per
2555 1844 2602 1907 il
2661 1843 2956 1907 mandato

300 1954 564 2018 lasciato
611 1951 777 2017 dalla
824 1951 1101 2018 Cesarea
1146 1953 1399 2017 Maesta
1459 1953 1562 2016 nel
1620 1952 1946 2017 marchese
1994 1950 2408 2036 d’Anguilara
2435 1951 2480 2032 ³)
2527 1973 2643 2037 per
2687 1951 2748 2015 la
2793 1961 2957 2014 trac-

220 2070 282 2125 15
302 2062 542 2124 tatione
587 2059 756 2125 della
800 2082 957 2146 pace
1004 2082 1124 2125 con
1172 2058 1303 2124 Sua
1345 2058 1783 2138 Beatitudine,
1830 2067 1892 2124 et
1939 2062 1995 2123 si
2041 2068 2278 2123 mostra
2325 2079 2512 2143 sopra
2555 2057 2744 2123 modo
2790 2057 2958 2122 desi-

303 2167 531 2232 deroso
577 2166 643 2232 di
690 2175 916 2253 questa
970 2189 1160 2254 pace,
1221 2177 1630 2253 quantunque
1688 2166 1749 2231 al
1807 2167 2120 2252 principio
2180 2151 2414 2230 havuta
2473 2166 2536 2229 16
2581 2186 2746 2230 nova
2792 2164 2958 2229 della

302 2283 523 2358 tregua
569 2272 911 2339 decennale
959 2297 1078 2339 con
1126 2273 1182 2338 16
1230 2273 1554 2339 condition
1602 2296 1715 2338 sue
1765 2272 1894 2337 Sua
1941 2273 2192 2338 Maesta
2236 2274 2323 2337 mi
2371 2272 2544 2337 disse
2591 2271 2798 2338 ch’era
2844 2273 2954 2358 9111

303 2379 455 2444 utile
487 2391 712 2465 questa
756 2391 977 2464 tregua
1010 2381 1131 2445 alla
1163 2379 1437 2446 Cesarea
1468 2381 1717 2446 Maesta
1767 2379 1884 2445 che
1917 2403 2041 2444 non
2089 2379 2355 2446 sarebbe
2403 2388 2566 2444 stata
2613 2379 2673 2444 la
2703 2401 2861 2465 pace
2890 2382 2956 2458 ⁴),

303 2494 366 2550 et
412 2508 491 2550 ne
538 2497 792 2552 restava
836 2487 1030 2552 molto
1077 2497 1393 2553 contento,

3030 557 3168 609 1538

2977 627 3100 680 Juli
3137 631 3205 681 19

212 2604 283 2659 20
479 2592 617 2659 Con
664 2592 980 2660 desiderio
1038 2595 1122 2659 ho
1181 2595 1543 2661 desiderato
1603 2595 1646 2659 11
1701 2595 1823 2660 fine
1880 2594 1945 2660 di
1994 2603 2217 2681 questo
2265 2616 2605 2681 congresso
2665 2594 2732 2659 di
2776 2593 2956 2675 Niza,
3013 2680 3020 2687 ἢ

300 2701 515 2788 (10990
561 2702 604 2765 11
652 2702 835 2788 quale
882 2703 965 2765 ho
1012 2726 1261 2788 sempre
1308 2712 1561 2788 sperato
1607 2701 1925 2767 mediante
1972 2700 2428 2768 l'int-ercession
2477 2701 2542 2767 di
2580 2700 2670 2768 V.
2718 2701 2847 2766 ΒΜ
2894 2710 2957 2765 61

300 2807 450 2871 Illm·
498 2807 561 2873 S.
608 2817 792 2895 poter
835 2817 1120 2874 ottencre
1165 2811 1367 2894 gratia
1415 2809 1496 2874 da
1543 2808 1671 2874 Sua
1712 2808 1957 2873 Santita
2007 2808 2087 2874 de
2119 2811 2335 2873 venire
2384 2812 2448 2873 in
2478 2808 2666 2874 Italia
2710 2809 2956 2875 almeno

300 2937 417 2999 per
461 2925 556 2979 tre
602 2919 781 2980 mesi.
870 2915 1025 2980 hora
1073 2907 1343 2981 essendo
1389 2917 1593 2995 finito,
1654 2938 1774 2980 con
1836 2917 2046 3002 quella
2093 2916 2376 2981 efficacia
2423 2919 2745 3002 maggiore
2792 2915 2956 2983 ch’io

298 3044 490 3107 90660
537 3023 827 3108 supplico
874 3023 1083 3108 quella
1129 3026 1223 3087 sia
1284 3032 1585 3087 cont-enta
1643 3022 1827 3087 farmi
1887 3022 2123 3088 havere
2181 3032 2408 3108 questa
2467 3025 2822 3112 necessaria
2881 3025 2958 3088 11-

211 3139 282 3193 25
300 3129 510 3193 centia
556 3129 804 3193 61111660
863 3153 981 3215 961·
1037 3128 1194 3194 (16111
1256 3140 1351 3194 tre
1398 3132 1586 3209 mesi,
1642 3152 1820 3194 come
1867 3152 2097 3195 ancora
2142 3138 2364 3216 questa
2409 3130 2663 3195 Maesta
2708 3133 2760 3194 si
2808 3153 2957 3195 con-

301 3242 505 3314 tenta,
563 3235 795 3322 perche
855 3239 919 3300 in
967 3259 1119 3301 vero
1176 3238 1237 3301 16
1297 3259 1444 3300 6066
1491 3235 1557 3300 (11
1605 3259 1753 3301 6666
1799 3240 1925 3301 mia
1971 3260 2180 3303 vanno
2229 3240 2292 3302 in
2341 3247 2622 3302 extrema
2666 3239 2847 3302 ruina
2893 3248 2956 3303 et

300 3342 511 3427 quelle
570 3343 676 3407 del
738 3352 1082 3409 vescovato
1142 3346 1473 3431 patiscono
1533 3346 1718 3407 assai.
1821 3352 1881 3407 et
1943 3367 2008 3407 66
2067 3367 2183 3429 per
2236 3353 2461 3428 questo
2520 3366 2682 3429 poco
2743 3355 2955 3431 tempo

298 3454 481 3533 potra
525 3449 894 3530 redrizarle‚
953 3473 1076 3515 6011
1134 3451 1432 3534 megliore
1493 3452 1700 3515 animo
1762 3453 2004 3514 serviro
2065 3450 2193 3515 Sua
2253 3450 2662 3515 Beatitudine
2723 3455 2830 3537 qui
2892 3465 2955 3517 et

298 3554 542 3620 altrove
602 3580 719 3642 per
775 3557 923 3642 quel
981 3579 1145 3643 poco
1205 3557 1369 3622 ch’io
1428 3580 1636 3642 90660.
1729 3568 1794 3621 61
1852 3580 1966 3643 961·
2021 3557 2353 3621 l'absentia
2411 3561 2538 3622 mia
2593 3557 2674 3623 da
2732 3569 2954 3644 queste

206 3663 627 3747 30provincie
675 3662 807 3728 Sua
867 3662 1114 3729 Santita
1171 3686 1297 3727 non
1355 3663 1590 3727 havera
1647 3666 1889 3729 iactura
1947 3665 2202 3744 alcuna,
2261 3664 2493 3750 perche
2542 3705 2622 3711 —
2685 3688 2754 3730 sc
2814 3673 2955 3730 sara

297 3771 655 3834 necessario
701 3769 865 3835 ch’io
912 3773 1079 3835 torni
1128 3811 1209 3820 —
1256 3771 1522 3835 lasciaro
1568 3773 1676 3856 qui
1720 3794 1994 3857 persona
2039 3770 2298 3852 idonea,
2356 3772 2504 3857 qual
2559 3778 2776 3837 tenera
2819 3776 2957 3838 avi-

488 3934 827 3941 -—--—-—-——

444 4036 487 4107 ¹)
525 4037 692 4105 Κατ-Ζ,
730 4039 946 4109 Herzog)
974 4057 1081 4094 von
1107 4039 1366 4106 Geldern,
1406 4039 1502 4092 der
1541 4039 1693 4093 letzte
1721 4036 1912 4108 Spross
1938 4041 2111 4094 scine-3
2139 4041 2374 4107 Hauses,
2411 4042 2565 4095 scarb
2594 4060 2684 4095 am
2711 4045 2785 4095 30
2812 4041 2955 4096 Jum'

299 4130 473 4194 15385
519 4144 641 4181 zum
689 4128 1026 4197 Nachfolycr
1080 4145 1197 4182 war
1244 4128 1419 4181 durch
1470 4129 1831 4197 Abmachuny
1887 4129 2007 4182 und
2071 4129 2232 4183 Wahl
2279 4131 2376 4184 der
2421 4129 2626 4185 Stc‘inde
2684 4131 2953 4199 Waelhelm,

296 4216 446 4269 Erbe
482 4217 697 4286 Herzoy
733 4216 987 4272 Johanns
1022 4234 1128 4271 von
1163 4218 1354 4271 Jalich
1392 4217 1511 4270 und
1550 4217 1721 4284 Cleve,
1759 4220 2024 4273 bestimmt
2061 4219 2296 4272 worden.

202 4309 278 4361 35
440 4304 487 4371 ¹)
538 4304 650 4375 Vyl.
690 4312 863 4360 anien
898 4323 1013 4360 nrr.
1052 4311 1175 4361 106.
1214 4311 1328 4362 110.

442 4393 485 4459 ³)
524 4395 810 4450 Marchese
847 4396 1156 4464 d'Ayhiloer,
1193 4396 1544 4451 kaiserucher
1588 4396 1901 4451 Gesandter
1937 4398 2001 4451 in
2036 4398 2191 4453 Rom.

438 4482 483 4551 ⁴)
523 4484 642 4538 Der
666 4484 906 4538 Nizzaer
943 4484 1443 4550 Waffenstillstand
1471 4482 1584 4554 liqss
1609 4486 1783 4553 jeden
1818 4486 1917 4540 der
1945 4486 2136 4540 beiden
2166 4486 2407 4542 Faretm
2442 4488 2518 4541 im
2547 4488 2729 4542 Besitz
2764 4487 2953 4542 des-een

294 4590 408 4627 was
444 4590 502 4628 er
528 4574 696 4642 hatte,
734 4574 851 4628 also
881 4574 988 4628 den
1014 4574 1219 4629 Kaiser
1258 4576 1333 4628 im
1370 4575 1553 4630 Besitz
1582 4575 1893 4641 Mailands,
1931 4576 2149 4630 welches
2185 4578 2262 4631 im
2289 4576 2451 4631 Faue
2479 4577 2574 4631 des
2601 4577 2952 4633 Abschlusses

295 4662 441 4716 cinea
488 4662 811 4728 formlichen
857 4664 1126 4718 Fviedens
1174 4664 1480 4733 behaupten
1528 4683 1598 4720 zu
1648 4666 1863 4720 konnen
1914 4683 1971 4720 er
2016 4661 2219 4737 yemc'iss
2270 4666 2458 4719 acinon
2504 4666 2761 4733 ftie'heren
2825 4666 2950 4721 Ver-

199 4748 608 4822 fflhffunqen
643 4753 810 4807 kaum
846 4752 1023 4821 hoffen
1060 4753 1275 4810 konnte.
