3500 5300
590 378 698 439 444
1574 377 1674 434 No.
1715 379 1848 435 176:
1888 378 2027 434 1535
2060 376 2173 433 Juli
2209 377 2260 432 8.

401 580 539 632 1535
595 576 745 645 176.
841 576 1154 642 Ricalcati
1198 598 1287 640 an
1345 576 1661 659 Veryerio:
1718 575 1866 640 iiber
1923 575 2091 639 scine
2147 573 2261 656 (R.
2265 573 2343 660 ’s)
2403 572 2729 638 Schraiben
2786 592 2920 636 vom
2976 575 3066 637 23
3121 569 3246 634 und

380 649 684 750 Ju12'827
727 684 895 749 Juni
952 685 1089 748 und
1143 684 1259 748 «Ias
1307 684 1500 747 Eintr
1501 683 1656 762 effen
1712 684 1883 747 einer
1930 682 2235 763 Dqaesche
2292 681 2396 744 des
2459 680 2749 744 Nuntius
2804 700 2937 744 vom
2984 680 3028 742 8
3073 678 3245 743 Jum'.

609 790 1008 856 Wiederholte
1054 791 1524 872 Einschiirfuny
1568 791 1676 853 cler
1737 788 2291 870 Willensmeinuny
2350 788 2455 852 des
2504 787 2764 868 Pap-stes
2822 786 2916 850 bei
2974 786 3083 850 der
3138 805 3247 848 un-

588 897 912 979 9arischen
975 896 1598 978 Friedenshandluny
1659 900 1953 960 vertreten
2010 916 2093 959 zu
2159 895 2330 972 seim
2393 893 2703 976 yleichwol
2766 891 3100 975 Billiyuny
3154 892 3249 955 des

592 1002 995 1085 vorsichtiyen
1043 1002 1404 1083 Austretens
1448 1003 1552 1066 des
1586 1002 1891 1067 Nuntius,
1984 1001 2346 1083 Erkldruny
2390 1001 2522 1082 defi
2565 1000 2681 1063 das
2714 999 2849 1063 Zid
2891 999 3002 1062 der
3040 1003 3283 1079 papst-5

595 1110 790 1174 lichen
821 1109 1052 1174 Politik-
1098 1109 1374 1190 lediylich
1417 1109 1519 1172 die
1549 1108 2056 1190 Herbeifiihruny
2100 1108 2206 1171 des
2237 1107 2540 1172 Friedens
2584 1107 2655 1169 in
2701 1106 2810 1169 der
2846 1105 3246 1170 Clu-istenheit

595 1216 735 1280 und
779 1217 884 1281 die
929 1216 1297 1296 Abhaltuny
1343 1216 1451 1280 des
1504 1214 1751 1280 Concils
1809 1215 1914 1278 sei.
2006 1213 2422 1296 Empfehluny
2467 1234 2557 1278 an
2609 1214 2728 1277 den
2782 1212 3013 1294 Kbm'y.
3102 1215 3243 1276 1535

596 1323 740 1389 Juli
786 1324 830 1386 8
877 1323 1054 1387 Rom.

737 1466 863 1518 Am
909 1464 1166 1533 Vemdiy,
1203 1465 1350 1518 Bibe.
1389 1464 1569 1519 Marc.
1607 1463 1723 1518 ital.
1764 1464 1832 1519 οι.
1872 1463 1925 1518 v
1962 1464 2082 1518 eod.
2122 1465 2191 1518 63
2228 1481 2307 1517 nr.
2345 1463 2416 1518 53
2457 1461 2605 1532 οπερ.

325 1592 468 1647 Jtmi
503 1595 580 1645 27
775 1589 860 1651 Ai
910 1598 989 1655 27
1040 1586 1145 1652 del
1192 1597 1451 1674 passato
1497 1589 1728 1673 risposi
1775 1609 1814 1650 a
1859 1589 2197 1672 pareeehie
2244 1587 2311 1651 di
2356 1584 2447 1653 V.
2480 1585 2544 1651 S.
2594 1596 2658 1650 et
2702 1586 2763 1650 16
2811 1585 3064 1651 mandai
3108 1587 3243 1650 tutti
3260 1593 3324 1646 10

599 1695 642 1758 11
691 1694 872 1759 brevi
916 1694 1035 1759 6116
1080 1693 1292 1780 quella
1337 1696 1681 1770 ricereava,
1727 1692 2104 1758 rendendoli
2163 1703 2352 1758 conto
2411 1691 2644 1779 perche
2701 1715 2831 1757 non
2891 1694 2978 1756 mi
3024 1713 3244 1779 pareva

601 1802 945 1866 dovessero
1005 1823 1215 1865 essere
1276 1811 1446 1864 sotto
1493 1798 1642 1864 data
1701 1803 1813 1886 pin
1869 1799 2083 1864 fresca
2140 1799 2245 1865 dei
2292 1802 2495 1886 primi.
2584 1799 2840 1864 mandai
2886 1802 2952 1864 in
3000 1802 3141 1885 quei
3184 1797 3243 1862 (11

600 1907 928 1973 medesimi
965 1913 1005 1988 ¹)
1065 1907 1110 1970 il
1169 1906 1454 1993 perdono
1516 1907 1635 1971 che
1683 1906 1924 1971 Nostro
1973 1907 2242 1991 Signore
2302 1906 2510 1971 havea
2567 1928 2876 1971 concesso
2936 1929 2975 1971 a
3034 1907 3175 1969 tutti
3226 1906 3242 1967 i

602 2015 984 2093 Christiani,
1065 2016 1244 2079 66616
1304 2036 1427 2078 666
1485 2015 1594 2099 pin
1654 2013 2003 2077 devotione
2062 2016 2340 2097 ogniuno
2396 2013 2748 2078 fabricasse
2805 2035 2919 2078 sue
2990 2013 3248 2079 orationi

600 2124 713 2208 pin
770 2130 1015 2186 accette
1073 2143 1110 2184 6
1167 2119 1296 2183 Dio
1355 2143 1468 2205 per
1533 2119 1592 2184 la
1649 2121 1907 2184 vittoria
1954 2131 2176 2185 contro
2222 2118 2495 2184 Infedeli
2515 2168 2530 2198 ,
2599 2119 2660 2184 la
2719 2120 2904 2207 qnale
2964 2121 3021 2185 si
3079 2140 3250 2205 spera
3268 2127 3332 2181 15

599 2226 795 2292 habbi
858 2225 941 2291 ad
986 2249 1158 2291 esser
1218 2228 1284 2290 in
1344 2228 1494 2311 ogni
1553 2226 1743 2290 modo
1792 2225 2069 2291 secondo
2129 2226 2173 2288 il
2232 2228 2400 2290 iusto
2462 2236 2527 2290 et
2573 2237 2755 2291 santo
2815 2225 3132 2292 desiderio
3175 2224 3251 2289 de

601 2335 796 2400 buoni
842 2333 1207 2412 Christiani,
1253 2343 1318 2396 et
1362 2331 1443 2397 de
1490 2331 1559 2397 dl
1605 2334 1672 2397 in
1718 2331 1788 2396 (11
1835 2356 1904 2397 66
1950 2315 2052 2397 ne¹
2079 2342 2330 2419 aspetta
2374 2332 2564 2398 felice
2609 2355 2823 2397 nuova
2853 2355 2969 2419 per
3010 2334 3029 2395 i
3077 2332 3254 2419 primi

601 2442 795 2520 avisi,
861 2440 979 2504 6116
1025 2461 1155 2504 non
1199 2448 1510 2525 potranno
1557 2439 1800 2504 hormai
1860 2438 2075 2503 tardar
2132 2439 2345 2518 molt0‚
2402 2462 2531 2504 non
2592 2440 2647 2503 si
2708 2438 2978 2505 essendo
3026 2439 3253 2504 havuto
3456 2439 3457 2532 1

336 2550 481 2604 Jum’
517 2552 584 2603 13
603 2549 782 2611 aviso
829 2545 913 2611 da
955 2546 1018 2610 16
1063 2547 1295 2632 partita
1339 2539 1420 2610 de
1467 2545 1528 2609 la
1572 2555 1813 2610 armata
1857 2544 1941 2610 da
1987 2545 2281 2630 Caglieri,
2327 2545 2446 2611 6116
2490 2546 2563 2609 fu
2608 2546 2716 2610 alli
2770 2556 2876 2626 13,
2924 2549 2987 2610 in
3035 2569 3170 2633 qua.
3456 2535 3457 2626 1

372 2658 517 2712 Juni
552 2661 590 2710 8
783 2634 842 2718 Ε
897 2656 1006 2740 poi
1064 2675 1396 2738 eomparsa
1452 2677 1492 2719 a
1536 2656 1746 2739 questi
1793 2653 1863 2717 (11
1907 2653 1970 2717 16
2015 2676 2132 2718 sua
2177 2652 2242 2717 di
2291 2663 2329 2719 8
2377 2652 2482 2717 del
2528 2663 2818 2740 passaw,
2879 2655 2947 2718 in
2990 2657 3334 2741 rispostasso

606 2761 687 2825 de
732 2761 793 2825 la
837 2760 1040 2846 quale,
1087 2761 1153 2825 in
1200 2770 1433 2845 quanto
1481 2760 1541 2824 al
1585 2762 1923 2846 maneggio
1969 2759 2049 2824 de
2095 2761 2157 2824 la
2201 2782 2360 2845 paee
2415 2768 2512 2823 tra
2568 2760 2614 2824 11
2660 2759 2848 2825 Ser⁰⁰
2893 2783 2962 2825 re
3009 2760 3088 2825 de
3133 2760 3257 2825 Ro-

353 2870 485 2925 Mai
521 2874 588 2923 13
605 2870 774 2933 mani
822 2876 886 2931 et
919 2866 1264 2946 Giovanni,
1310 2865 1449 2930 diro
1496 2867 1643 2952 quel
1674 2866 2022 2932 medesimo
2068 2867 2188 2931 6116
2233 2888 2350 2951 per
2392 2867 2454 2931 la
2497 2868 2625 2931 mia
2663 2865 2729 2931 di
2766 2878 2845 2935 13
2878 2866 2949 2932 di
2980 2870 3254 2953 maggio:

604 2975 724 3040 che
768 2974 1008 3039 Nostro
1054 2962 1321 3057 Signo're
1368 2976 1546 3037 voria
1592 2976 1656 3037 in
1703 2976 1851 3058 ogni
1897 2973 2086 3038 modo
2133 2973 2252 3038 6116
2298 2973 2359 3038 16
2405 2972 2468 3037 S.
2502 2973 2590 3039 V.
2636 2982 2980 3040 mostrasse
3027 2973 3259 3039 d’esser

603 3082 666 3146 16
728 3081 916 3146 116166
976 3081 1094 3145 6116
1148 3077 1430 3167 dipenda
1485 3079 1850 3145 immediate
1905 3079 1987 3144 da
2043 3081 2105 3144 la
2150 3079 2402 3144 Santita
2446 3079 2606 3161 Sua,
2663 3090 2730 3146 et
2787 3079 2903 3145 dar
2959 3103 3146 3146 mano
3202 3080 3259 3143 al

604 3190 859 3273 negotio
904 3210 1019 3273 per
1063 3186 1367 3252 condurlo
1410 3197 1646 3273 quanto
1692 3190 1805 3274 pin
1850 3197 2064 3273 presto
2096 3186 2156 3251 al
2189 3190 2408 3252 votivo
2448 3187 2590 3269 fine,
2635 3185 3063 3253 destramente
3092 3192 3335 3274 1161625

605 3294 857 3380 quando
903 3293 986 3360 ad
1010 3292 1099 3359 V.
1124 3293 1187 3357 S.
1233 3296 1382 3379 paia
1426 3316 1599 3359 esser
1644 3300 1782 3359 6661
1828 3293 2221 3381 expediente,
2266 3294 2386 3358 6116
2432 3296 2497 3357 16
2544 3304 2769 3380 questo
2800 3316 2870 3358 se
2901 3317 2981 3359 ne
3012 3297 3260 3359 rimetta

606 3424 643 3466 a
688 3403 749 3465 la
792 3399 1112 3488 prudenza
1156 3423 1302 3481 sua,
1356 3423 1471 3486 per
1515 3422 1690 3466 esser
1732 3403 1798 3464 in
1844 3400 2007 3465 fatte
2054 3410 2117 3464 et
2163 3422 2469 3466 eonoseer
2512 3402 2575 3465 la
2618 3410 2843 3465 natura
2887 3424 3008 3466 666
3055 3401 3159 3467 6111
3204 3400 3259 3463 16

606 3508 690 3573 116
735 3506 817 3572 (16
862 3509 1164 3591 negotium,
1210 3517 1274 3572 et
1320 3507 1387 3572 di
1432 3516 1602 3572 sorte
1647 3508 1768 3573 6116
1814 3510 1879 3572 16
1925 3507 2150 3573 6161166
2205 3507 2395 3572 616(16
2441 3518 2665 3594 questa
2709 3508 2966 3573 Maesta
3011 3530 3137 3573 666
3185 3530 3258 3571 ne

607 3615 762 3699 pigli
808 3613 1028 3677 ombra
1071 3613 1298 3678 alcuna
1360 3614 1479 3679 6116
1527 3617 1582 3679 61
1627 3614 1734 3678 dia
1779 3614 1963 3701 polso
2009 3614 2129 3678 alle
2174 3636 2323 3679 6666
2370 3614 2477 3679 (161
2524 3613 2846 3700 Vayvoda
2892 3620 3093 3693 (66166
3140 3636 3261 3678 non

609 3723 662 3784 si
709 3725 906 3807 pense
953 3722 1133 3800 mai),
1177 3743 1281 3784 ma
1327 3742 1505 3785 come
1551 3727 1586 3786 6
1644 3721 1709 3785 16
1763 3744 1935 3786 mera
1979 3731 2045 3785 et
2096 3744 2258 3807 pura
2300 3730 2510 3786 mente
2567 3721 2633 3785 di
2680 3720 2811 3785 Sua
2855 3721 3334 3787 Beatitudinesso

607 3850 722 3913 per
765 3827 811 3891 il
858 3826 980 3892 ben
1025 3826 1285 3914 publico
1330 3826 1398 3891 di
1443 3837 1608 3891 tutta
1651 3828 1713 3892 16
1743 3827 2154 3893 Christianita
2193 3827 2307 3892 dar
2353 3827 2538 3893 caldo
2584 3828 2707 3892 alla
2749 3830 3014 3914 pratiea‚
3060 3830 3259 3894 66616·

609 4042 875 4113 Ereiynis
909 4041 1056 4096 nach
1093 4041 1347 4111 Venedi9‚
1383 4042 1490 4095 mit
1526 4041 1623 4096 der
1657 4042 2034 4111 Bemerkunq:
2070 4050 2267 4112 questa
2303 4060 2433 4097 cosa
2468 4044 2536 4097 de
2566 4042 2902 4098 Rebattizati
2930 4043 3073 4098 dava
3101 4042 3258 4097 molto

609 4222 760 4275 dieta
793 4236 829 4275 6
854 4219 1104 4287 Vorme8‚
1141 4219 1208 4273 (16
1246 4220 1301 4273 la
1337 4219 1468 4290 qual
1509 4220 1611 4273 mo’
1641 4221 1778 4273 hora
1814 4237 1983 4290 penso
2021 4238 2127 4274 666
2166 4218 2290 4275 sera
2316 4221 2640 4276 altramente
2672 4220 2919 4292 bisogn0‚
2955 4214 3258 4277 anchorehe

611 4308 742 4381 pere
780 4326 848 4364 ne
886 4310 1039 4363 siano
1076 4326 1186 4363 una
1221 4327 1359 4380 gran
1396 4306 1653 4378 quantita
1690 4309 1745 4362 di
1784 4316 1983 4380 questa
2019 4318 2161 4364 sette
2198 4311 2253 4363 in
2291 4311 2502 4365 diverse
2540 4318 2696 4381 parte
2732 4310 2787 4365 di
2824 4309 3139 4365 Germania.
3194 4298 3330 4360 111.35
3446 4274 3447 4375 1

610 4399 703 4453 fol.
743 4398 1374 4467 90b-91b30alendar
1409 4415 1495 4451 nr.
1535 4402 1624 4451 62.
1711 4398 1914 4452 Walter
1951 4417 2042 4452 am
2077 4403 2153 4452 23
2188 4400 2311 4453 Juli
2347 4400 2583 4455 schreibt
2619 4400 2716 4456 der
2758 4400 3115 4467 Vethianer,
3165 4397 3258 4451 das

622 4486 912 4541 Verdienst
956 4505 1035 4540 an
1081 4487 1183 4541 der
1231 4487 1557 4556 Erebo-unq
1606 4487 1885 4542 Munsters
1930 4489 2066 4541 habe
2115 4488 2212 4542 der
2248 4488 2577 4558 Landyras,
2628 4489 2727 4543 der
2770 4488 2861 4542 die
2906 4485 3257 4558 bdwmden

613 4576 907 4644 Tmppen,
960 4576 1049 4629 die
1093 4591 1272 4645 weqen
1310 4576 1686 4645 Soldmanqels
1722 4578 1916 4631 ber-cite
1953 4578 2212 4631 abziehcn
2246 4579 2496 4646 women,
2547 4595 2653 4633 aus
2688 4577 2877 4633 seim
2913 4578 3146 4634 Mitteln
3180 4574 3254 4626 be·

612 4664 840 4733 friediyt
878 4664 1030 4719 habe.
1103 4665 1176 4718 ib.
1215 4664 1289 4718 fol
1345 4667 1663 4734 942—95==;
1705 4666 1983 4719 Calendar
2022 4683 2104 4720 nr.
2146 4669 2228 4719 66.

761 4755 772 4781 ¹
784 4764 798 4819 )
835 4755 944 4807 Am
978 4758 1052 4808 23
1086 4754 1245 4823 Juni,
1283 4770 1368 4808 nr.
1406 4757 1522 4808 167.
3269 4742 3325 4803 40
