3500 5300
511 338 653 400 578-
1439 339 1536 394 No.
1575 340 1706 393 241:
1749 340 1886 393 1536
1925 338 2135 406 August
2171 339 2257 391 22.

304 542 443 592 1536
514 537 611 604 lor
656 538 936 604 dominio
983 547 1047 602 et
1093 536 1208 602 che
1271 534 1553 602 neancho
1614 558 1726 621 per
1789 543 1974 600 conto
2022 534 2088 599 di
2142 532 2508 622 ripresaglie
2556 535 2606 598 si
2654 535 2735 620 pb
2781 534 3017 598 ritener
3065 555 3194 596 11116

242 612 382 679 ‘4¹⁴9
421 613 498 664 22
516 653 730 711 orator
788 648 853 710 in
917 646 1102 709 alcun
1164 642 1320 708 1666.
1412 644 1615 730 questi
1674 642 1903 707 dicono
1968 641 2115 723 che,
2176 641 2402 729 poiche
2461 640 2714 706 l'hanno
2774 663 2954 706 come
3003 641 3054 704 si
3101 641 3196 703 sia

516 752 678 817 nelle
725 753 897 816 mani
943 751 1245 817 condutto
1293 752 1435 816 fuor
1482 748 1584 814 del
1630 748 1726 814 lor
1759 750 2092 827 territorio,
2141 771 2267 814 non
2293 748 2525 830 ‘hanno
2558 750 2817 834 ragione
2847 747 2914 812 di
2945 745 3198 811 dolersi.

244 863 385 928 Any.
422 864 497 914 21
517 869 741 948 questa
788 857 1078 948 [Maesta]
1128 856 1209 922 ha
1256 856 1555 922 mandato
1604 879 1691 922 un
1737 879 1851 921 suo
1912 856 2157 938 dottor,
2218 854 2262 920 il
2322 855 2472 944 qual
2534 857 2698 942 parti
2759 856 2896 919 heri
2940 855 3028 919 ad
3072 855 3202 918 aesi

517 966 774 1033 Grisoni
820 988 933 1053 per
980 966 1213 1030 vedere
1271 965 1337 1030 di
1397 963 1644 1030 sedarli.
1737 964 1966 1029 dicono
2027 963 2260 1029 havere
2325 973 2572 1029 trovate
2632 961 2822 1028 molte
2867 961 3088 1029 lettere
3137 963 3200 1027 al
3263 972 3303 1022 5

517 1076 763 1162 prefato
810 1073 1235 1139 ambasciator
1278 1083 1342 1137 et
1389 1072 1672 1159 alquanti
1720 1072 1964 1154 denari,
2012 1095 2117 1136 ma
2150 1071 2354 1158 pochi,
2401 1070 2517 1136 che
2559 1071 2787 1136 dicono
2819 1070 2936 1136 che
2983 1069 3202 1135 alcuni

515 1183 583 1248 di
645 1182 853 1246 inanci
916 1202 1107 1246 erano
1164 1182 1398 1267 passati
1458 1178 1647 1267 quelli
1709 1179 1824 1244 che
1885 1186 2239 1266 portavano
2301 1178 2362 1244 la
2419 1178 2707 1265 maggior
2769 1201 3033 1243 summa.
3139 1180 3203 1241 io

520 1311 715 1376 penso
764 1288 879 1353 che
924 1295 1422 1375 apostatamente
1469 1285 1556 1373 gli
1604 1288 1697 1350 sia
1743 1295 1906 1351 stato
1955 1309 2137 1373 preso
2185 1286 2269 1350 ad
2310 1287 2609 1351 instantia
2654 1286 2721 1350 di
2750 1293 2973 1372 questo
3019 1308 3089 1349 re
3139 1295 3208 1349 et

517 1395 633 1462 che
681 1416 1035 1484 speravano
1082 1396 1147 1460 di
1210 1403 1428 1460 trovar
1483 1393 1523 1458 li
1589 1394 1843 1477 denari3
1903 1417 2008 1458 ma
2070 1393 2360 1459 vedendo
2406 1391 2448 1457 il
2498 1391 2765 1458 tumulto
2812 1392 2892 1457 de
2940 1392 3206 1458 Grisoni

517 1504 730 1570 hanno
778 1509 1026 1569 trovato
1074 1511 1293 1590 questo
1338 1509 1612 1588 pretesto
1659 1502 1724 1566 di
1772 1524 2042 1588 represa.
2135 1502 2222 1587 gli
2269 1503 2304 1564 e
2353 1500 2508 1566 hora
2553 1508 2802 1565 servato
2849 1501 2918 1564 in
2966 1499 3205 1565 alcuno
3233 1511 3308 1560 1⁰

518 1610 656 1678 1666
702 1612 769 1676 di
815 1619 1039 1698 questa
1082 1609 1347 1690 Maesta,
1398 1632 1501 1674 ma
1548 1633 1675 1674 non
1721 1610 1776 1673 si
1820 1610 2079 1674 intendo
2127 1608 2291 1674 dove
2321 1611 2393 1693 ⁸).

326 1717 469 1786 *4¹⁴9-
694 1716 936 1783 L'altra
995 1739 1134 1781 sera
1199 1739 1403 1780 venne
1465 1739 1592 1803 qua
1650 1716 1695 1781 il
1757 1722 1941 1780 conte
2006 1714 2386 1781 Salamanca
2449 1716 2532 1780 da
2594 1713 2939 1801 Oberburg
2971 1717 3023 1800 ¹)
3082 1739 3206 1780 sua

301 1792 392 1842 20.
428 1791 499 1843 2²
518 1825 855 1891 residentia
918 1846 1031 1910 per
1091 1822 1147 1888 le
1204 1831 1382 1910 poste
1429 1831 1494 1887 et
1539 1821 1669 1888 heri
1719 1847 1758 1886 a
1807 1845 1975 1887 nona
2019 1825 2187 1910 parti
2233 1822 2511 1888 etiandio
2557 1845 2672 1910 per
2711 1821 2770 1888 le
2801 1832 2984 1910 poste
3015 1847 3206 1891 verso

518 1931 846 2019 Augusta3
905 1953 1101 2018 pensa
1149 1955 1187 1993 a
1246 1929 1344 1995 far
1405 1929 1671 2017 qualche
1732 1932 2056 2016 provision
2120 1929 2184 1994 di
2248 1930 2470 1995 denari
2525 1953 2640 2018 per
2701 1932 2806 1994 via
2851 1930 2920 1996 di
2967 1931 3206 1997 Focari

518 2061 634 2126 per
676 2037 738 2103 lo
785 2039 1082 2103 essercito
1129 2037 1196 2101 di
1227 2036 1476 2120 Cesaoe,
1523 2036 1859 2124 percioche
1908 2038 1960 2101 si
2006 2037 2146 2102 dice
2192 2036 2309 2102 che
2353 2059 2467 2123 per
2497 2037 2719 2102 ordine
2751 2036 2918 2102 della
2952 2038 3206 2104 Maesta
3229 2045 3303 2097 15

520 2145 793 2211 Cesarea
839 2143 965 2231 egli
1011 2144 1076 2209 vi
1124 2167 1222 2208 va.

240 2254 383 2322 Auq.
425 2256 500 2308 21
698 2251 965 2317 Ritornb
1011 2251 1142 2316 heri
1189 2275 1318 2339 qua
1362 2252 1618 2317 l'orator
1663 2252 1729 2316 di
1773 2260 1998 2339 questa
2041 2251 2286 2317 Maesta
2332 2250 2448 2317 che
2494 2254 2529 2315 e
2572 2260 2733 2317 stato
2767 2276 2806 2316 a
2838 2252 3205 2319 Constanti·

521 2358 761 2446 nopoli‚
822 2367 883 2424 et
945 2358 1089 2424 dice
1144 2358 1379 2425 havere
1437 2360 1793 2424 incontrato
1854 2360 1938 2424 da
1996 2369 2079 2425 20
2140 2357 2315 2424 milia
2384 2358 2614 2424 cavalli
2674 2360 2755 2425 de
2815 2359 3060 2426 anchi
3119 2361 3204 2426 de

523 2465 719 2554 quelli
765 2465 883 2532 che
928 2489 1120 2532 erano
1168 2468 1315 2532 stati
1347 2489 1530 2532 verso
1576 2467 1639 2530 la
1669 2465 1992 2548 Crovatia‚
2039 2465 2155 2531 che
2200 2469 2523 2532 ritornano
2570 2476 2635 2532 et
2664 2465 2779 2532 che
2808 2467 3042 2533 dicono
3072 2491 3201 2534 non

523 2597 692 2640 esser
739 2576 955 2640 venuti
1001 2598 1041 2640 a
1085 2574 1281 2640 danni
1327 2574 1393 2640 di
1440 2583 1662 2663 questa
1691 2574 1960 2658 Maesta,
2005 2597 2112 2638 ma
2157 2597 2272 2662 per
2303 2574 2569 2640 edificat
2600 2597 2686 2639 un
2718 2573 2978 2642 castello
3010 2599 3199 2664 sopra
3218 2583 3295 2636 20

525 2682 570 2748 il
629 2705 763 2765 suc,
823 2691 886 2749 et
945 2683 1062 2749 che
1108 2707 1174 2749 se
1236 2682 1359 2749 ben
1405 2682 1618 2749 hanno
1663 2684 1835 2772 presi
1880 2684 2091 2749 alcuni
2152 2682 2410 2766 castelli,
2470 2682 2514 2748 li
2575 2683 2784 2749 hanno
2831 2684 2971 2750 tolti
3017 2709 3196 2751 come

532 2790 805 2881 [nemici]
852 2791 955 2857 del
1000 2791 1237 2879 dispott
1283 2792 1363 2856 de
1409 2790 1612 2879 quelle
1658 2793 1859 2879 parti,
1908 2814 2033 2857 non
2081 2814 2256 2856 come
2305 2792 2494 2878 regii3
2556 2790 2724 2857 siche
2773 2814 2928 2858 sono
2975 2795 3084 2881 qui
3130 2795 3194 2857 in

527 2921 834 2986 speranza
880 2898 948 2963 di
993 2921 1119 2964 non
1168 2899 1365 2965 haver
1414 2899 1640 2965 alcuno
1687 2901 1926 2987 impeto
1972 2899 2056 2964 da
2102 2901 2222 2964 essi
2270 2898 2529 2963 anchi.
2608 2900 2817 2986 petria
2862 2922 3033 2964 esser
3078 2899 3193 2965 che

524 3008 621 3072 cib
667 3006 836 3072 fusse
883 3028 1067 3090 vero;
1119 3030 1225 3072 ma
1270 3005 1314 3071 li
1360 3009 1569 3072 noncii
1617 3007 1696 3071 de
1726 3004 2026 3071 Lubiana
2057 3006 2285 3072 dicono
2316 3005 2690 3089 altfimente,
2738 3006 2805 3071 di
2837 3007 3028 3072 modo
3076 3007 3194 3073 che

524 3113 584 3178 io
631 3112 822 3178 credo
884 3112 1032 3197 che,
1095 3136 1160 3177 se
1221 3112 1430 3178 hanno
1490 3116 1848 3179 incontrato
1898 3112 2160 3198 alcunn,
2218 3112 2408 3202 quelli
2470 3116 2645 3179 siano
2705 3121 2886 3200 parte
2946 3114 3012 3179 di
3073 3114 3195 3180 tale
3213 3125 3290 3177 25

525 3222 804 3285 exercito
834 3221 889 3304 b)
917 3220 992 3308 ²).

704 3327 793 3393 Di
839 3327 1123 3393 Fiandra
1170 3351 1299 3393 non
1346 3329 1398 3392 si
1444 3327 1527 3393 ha
1573 3351 1721 3394 cosa
1766 3330 1999 3394 alcuna
2043 3327 2106 3394 al
2153 3336 2457 3416 presente.
2549 3336 2709 3394 tutta
2757 3337 2981 3417 questa
3026 3340 3195 3396 corte

670 3588 710 3627 a)
742 3577 786 3619 Io
814 3589 950 3628 penso
978 3579 1038 3618 bis
1067 3576 1245 3617 intendo
1275 3578 1384 3618 dove
1412 3578 1624 3629 chnffm'ert.

671 3650 715 3697 b)
745 3648 829 3689 Pot
948 3660 1044 3689 6361·
1070 3650 1131 3688 bis
1262 3648 1402 3690 6166
1379 3650 1512 3701 clavffn
1477 3651 1591 3691 nn'e‘t

624 3755 718 3827 ·¹)
757 3757 813 3811 S.
854 3756 988 3810 oben
1024 3774 1093 3810 zu
1130 3760 1381 3811 nr.129.
3212 3764 3286 3816 ‘’,0

674 3844 719 3913 ²)
760 3846 831 3899 In
862 3846 1069 3900 Parma
1099 3845 1394 3917 Carteggio
1423 3845 1757 3901 farnesiano
1792 3848 1962 3915 findet
1997 3848 2115 3903 sich
2150 3848 2241 3901 ein
2273 3848 2808 3916 fflyivmlschrdben
2845 3850 2992 3905 eines
3021 3851 3196 3905 Bald-

530 3953 722 4007 wynus
771 3936 837 3988 de
886 3934 1125 3989 Revelles
1171 3953 1250 3990 an
1297 3936 1486 3991 docto-r
1538 3936 1844 3991 Ottonellus
1892 3938 2036 3992 sedis
2080 3937 2373 4006 apostolici
2426 3939 2625 3992 nuncii
2675 3939 3043 3995 locumtenem
3090 3959 3198 4010 9611

530 4024 653 4091 hoff
682 4043 787 4079 aus
818 4025 975 4079 Wien
1012 4042 1129 4079 vom
1165 4029 1236 4079 10
1256 4027 1481 4095 Auyust
1518 4030 1671 4093 1536,
1710 4028 1888 4081 worin
1920 4027 2182 4096 yemeldet
2217 4026 2377 4093 wird,
2416 4023 2537 4096 dass
2563 4028 2824 4083 Mehcmet
2863 4028 3199 4085 derPaacha

530 4131 634 4169 von
671 4115 918 4184 Belyrad
954 4114 1051 4168 mit
1090 4119 1241 4168 5000
1284 4115 1502 4169 Tic'rken
1538 4117 1681 4170 nach
1717 4116 2018 4171 slavonica
2050 4117 2358 4185 yekommen
2404 4118 2482 4171 sei
2519 4117 2638 4170 und
2677 4121 2747 4171 12
2780 4117 3072 4187 SchWoeer,
3108 4120 3200 4177 die

533 4206 691 4259 theils
728 4205 846 4259 dem
883 4204 1163 4272 Das-poten
1206 4205 1364 4258 theils
1401 4205 1646 4260 anderen
1683 4206 1906 4259 Horren
1950 4207 2228 4275 yehdrten,
2279 4207 2684 4276 einyenommen
2720 4208 2859 4262 habe
2905 4209 3028 4262 und
3064 4209 3286 4277 jemssb

544 4293 889 4347 Varadinum
926 4293 990 4347 in
1026 4294 1153 4361 ipsa
1171 4293 1444 4347 Slavcmia
1484 4293 1844 4360 (Warasdin)
1880 4295 2134 4363 belayere.
2209 4293 2895 4368 Cucurr[er]untHunga1-i
2923 4304 2981 4352 et
2997 4296 3199 4366 Sclavi,

533 4383 825 4439 Cassianer
861 4401 987 4438 cum
1026 4383 1199 4453 copiis
1236 4382 1581 4437 Germanicis
1617 4384 1686 4437 ad
1738 4384 2052 4439 solvendam
2101 4384 2443 4439 obsidionem
2487 4402 2554 4440 ac
2600 4385 2978 4442 eliberandum
3015 4388 3197 4459 ipsum

536 4472 899 4536 Varadinum,
950 4473 1045 4543 qui
1086 4479 1147 4526 ut
1186 4489 1345 4542 spero
1384 4471 1534 4525 brevi
1573 4480 1767 4543 aperto
1807 4473 1984 4528 Marte
2031 4492 2158 4529 cum
2205 4475 2339 4545 ipsis
2377 4474 2579 4530 Turcis
2616 4475 2931 4548 confligent.
2979 4507 3040 4516 —
3077 4477 3201 4533 Der

535 4564 653 4617 hier
688 4563 808 4616 und
844 4564 907 4616 in
942 4578 1028 4615 nr.
1066 4565 1183 4616 240
1220 4563 1493 4616 erwe'ihnte
1537 4563 1820 4617 Gesandte
1856 4563 2219 4617 Ferdimmls
2255 4582 2331 4617 an
2369 4565 2476 4618 (1611
2513 4564 2720 4620 Saltan
2757 4583 2876 4621 war
2911 4568 3012 4622 ¹001
3037 4567 3199 4636 jener
3257 4562 3262 4569 ’

533 4652 759 4706 Johann
796 4652 996 4706 Maria
1045 4652 1266 4718 Barziz,
1323 4651 1515 4707 (1633611
1566 4652 1982 4707 Finalrelation
2018 4653 2136 4707 sich
2173 4653 2256 4708 bei
2297 4654 2561 4711 Bucholtz
2599 4654 2706 4709 Ba.
2745 4656 2844 4711 IX
2886 4657 2944 4712 S.
2983 4659 3197 4713 65—69
3214 4660 3284 4711 40

533 4740 718 4808 findet.
798 4741 912 4811 Vyz.
952 4742 1136 4795 weiter
1174 4740 1280 4795 Bd.
1318 4745 1357 4795 2
1394 4758 1477 4795 nr.
1517 4746 1566 4796 5.
