3500 5300
465 321 569 383 184
1436 322 1535 378 No.
1573 323 1643 379 47
1662 345 1673 379 :
1715 324 1853 380 1537
1889 323 2016 379 Juni
2053 324 2138 380 29.

251 527 391 610 15:37
461 544 598 587 aus.
690 522 820 587 Lob
867 523 972 586 des
1032 521 1420 604 Verfahrens
1466 522 1573 586 des
1617 521 1868 604 Kimiys
1914 522 1990 585 in
2046 521 2184 585 dem
2244 521 2318 584 in
2371 520 2855 603 unylaublicher
2916 518 3139 584 Weise

193 599 337 652 ‘hm'
370 599 446 650 29
458 650 581 694 von
628 630 1003 695 Ketzereien
1059 627 1449 712 anyefiillten
1498 627 1802 693 Biihmen.
1895 630 1980 693 In
2039 629 2306 711 Unyarn
2358 628 2556 710 ychen
2602 627 3137 692 Friedenshand-

461 736 615 820 luny
655 737 797 801 und
829 736 1204 819 Rilstunqen
1247 737 1443 801 neben
1490 736 1802 801 einander
1847 736 1997 813 hem
2043 735 2524 818 Entseheiduny
2569 735 2738 799 nach
2783 735 2898 799 der
2943 735 3143 798 einen

459 845 608 908 oder
674 844 786 908 der
853 844 1139 908 ande-ren
1184 842 1352 910 Seite
1419 844 1507 906 ist
1571 844 1645 906 in
1708 842 1931 906 Kiirze
1986 863 2069 906 zu
2137 847 2467 907 erwarien.
2559 841 2699 906 Der
2742 841 3142 924 unyariscke

462 950 667 1033 Kriey
714 950 878 1015 Abbi
885 950 951 1014 ld
1009 952 1119 1014 des
1175 949 1661 1030 franzb‘sisehen.
1757 951 2107 1032 Aureyuny
2166 949 2362 1013 altere
2408 947 2731 1029 Schriften
2786 968 2980 1031 yeyen
3029 949 3140 1012 die
3199 957 3236 1009 5

458 1056 961 1121 Bilderstibrmer
1004 1077 1087 1121 zu
1120 1056 1535 1137 publicieren.
1642 1056 2060 1138 Warnunyen
2124 1056 2230 1120 des
2276 1055 2569 1120 Nuntius
2624 1056 2974 1138 yeyem'iber
3021 1055 3140 1118 der

459 1163 879 1246 Einfiihrunq
942 1163 1349 1228 &etherischer
1407 1163 1664 1228 Biia-her
1722 1165 1792 1227 in
1851 1162 2065 1227 Lacca
2123 1163 2263 1227 und
2317 1183 2429 1227 vor
2488 1163 2610 1227 den
2653 1161 2976 1243 Schriften
3024 1163 3140 1226 des

463 1269 760 1336 Gabriele
821 1270 1112 1334 Valetouli.
1207 1270 1385 1334 Biae
1430 1291 1540 1334 um
1584 1269 1942 1338 Erlaubnis
1988 1271 2112 1335 den
2151 1274 2266 1352 yut
2310 1269 2738 1334 katholisehen
2784 1268 3140 1333 Pilsenem

460 1378 564 1442 die
607 1377 1044 1459 Ausdehnunq
1112 1378 1225 1441 der
1293 1377 1488 1442 ilmen
1547 1397 1667 1441 von
1742 1377 2037 1459 Veryerio
2097 1376 2199 1440 als
2246 1375 2538 1441 Nuntius
2589 1376 2986 1441 verliehenen
3036 1376 3133 1440 bi-

458 1483 839 1564 schb'flichen
870 1485 1200 1567 Insiynien
1243 1483 1607 1566 zuyestehen
1651 1505 1735 1549 zu
1782 1484 2029 1566 diirfen.
2122 1483 2546 1565 Einsendzmy
2589 1484 2704 1548 der
2749 1484 2839 1547 im
2869 1486 3138 1564 vori9en
3165 1492 3235 1543 10

459 1589 684 1670 Briefe
728 1611 1129 1673 verqessenen
1175 1591 1456 1672 Bee’laye.
1547 1591 1715 1654 1537
1761 1592 1932 1655 Juni
1977 1592 2066 1656 29
2110 1590 2305 1673 Praq.

602 1715 725 1770 Aue
772 1715 987 1784 Neapel
996 1757 1013 1783 ,
1064 1716 1293 1770 Grande
1347 1715 1611 1769 Archivio
1660 1715 1827 1770 Carte
1872 1714 2209 1769 Parnesiane
2256 1713 2414 1768 Fasc.
2468 1715 2573 1769 728
2629 1713 2809 1784 Oriq.;
2867 1716 2934 1769 in
2981 1732 3136 1770 verso

674 1803 946 1859 Ricevute
981 1821 1016 1859 a
1054 1805 1123 1859 14
1159 1805 1216 1858 di
1254 1804 1403 1858 iulio,

638 1909 717 1973 In
762 1920 991 1995 questa
1037 1921 1251 1976 nostra
1295 1911 1685 1996 relegatione
1746 1910 1814 1974 di
1859 1909 2196 1988 Bohemia,
2251 1932 2374 1974 ove
2419 1910 2466 1975 il
2512 1932 2582 1974 re
2627 1909 2884 1975 attende
2951 1933 2992 1974 a
3038 1910 3139 1974 di-

462 2039 730 2104 sponere
775 2018 819 2082 li
867 2019 1235 2103 particulari
1268 2018 1507 2102 negotii
1549 2016 1656 2081 del
1702 2039 1899 2101 regno
1932 2027 2013 2094 et,
2059 2039 2240 2081 come
2283 2015 2710 2103 l'imperatore
2757 2019 2825 2080 in
2857 2016 3139 2103 Spag·na⁹
3162 2026 3236 2079 15

462 2129 599 2188 cosi
646 2124 770 2207 egli
817 2133 916 2188 sta
961 2146 999 2188 a
1044 2125 1280 2189 vedere
1326 2123 1542 2188 l’exito
1589 2123 1655 2187 di
1716 2122 1923 2209 quest’
1981 2147 2147 2188 anno
2194 2125 2430 2188 cretico
2447 2172 2464 2202 ‚
2521 2145 2650 2187 non
2695 2123 2968 2209 bisogna
3011 2125 3138 2189 che

462 2229 553 2295 V.
612 2229 677 2295 S.
736 2232 978 2316 expetti
1040 2232 1233 2295 molte
1292 2252 1456 2296 nove
1516 2230 1601 2294 da
1652 2253 1786 2309 me,
1846 2230 2079 2315 perche
2138 2231 2246 2315 qui
2305 2231 2505 2294 siamo
2565 2231 2765 2294 ociosi
2826 2239 2893 2295 et
2951 2234 3138 2316 quasi

463 2337 689 2418 inutili,
733 2360 862 2402 non
892 2337 1284 2404 occorrendo
1315 2361 1471 2403 cosa
1500 2360 1615 2424 per
1660 2338 1705 2401 il
1750 2347 2046 2423 presente
2092 2359 2172 2400 ne
2218 2338 2279 2400 la
2316 2337 2502 2423 quale
2547 2338 2601 2400 si
2650 2359 2846 2422 possa
2890 2340 3140 2402 servire

467 2466 505 2509 a
548 2445 613 2509 la
657 2442 907 2509 Santita
952 2444 1020 2509 di
1065 2444 1302 2510 Nostro
1350 2444 1636 2530 Signore.

643 2550 876 2628 Questi
921 2550 1191 2616 Bohemi
1248 2553 1414 2616 circa
1470 2552 1535 2616 la
1597 2549 1939 2615 concordia
1998 2549 2267 2614 essendo
2322 2551 2543 2619 intrati
2589 2552 2655 2613 in
2699 2572 2856 2634 gran
2903 2551 3140 2636 pelago
3161 2560 3240 2613 20

466 2659 533 2725 di
578 2680 935 2746 proponere
981 2660 1228 2737 articuli
1277 2682 1433 2724 sono
1492 2661 1641 2723 stati
1699 2660 1950 2723 risoluti
2005 2656 2089 2722 da
2133 2667 2359 2744 questo
2405 2656 2593 2722 Sermo
2640 2680 2708 2722 re
2756 2656 2877 2723 che
2925 2681 3057 2723 non
3105 2665 3140 2723 e

464 2775 681 2851 tempo
728 2763 955 2830 adesso
1002 2765 1068 2830 di
1128 2766 1305 2831 udire
1366 2773 1590 2851 queste
1650 2765 1785 2829 loro
1844 2750 2264 2851 propositioni
2323 2787 2440 2851 per
2495 2766 2557 2829 le
2611 2765 2810 2829 molte
2867 2788 3142 2851 guerre3

465 2896 570 2937 ma
614 2873 733 2938 che
780 2895 848 2937 se
895 2872 1193 2957 vogliono
1241 2872 1597 2959 disputare,
1655 2874 1712 2935 si
1771 2872 2091 2936 risolvano
2155 2872 2422 2936 mandat
2478 2872 2669 2957 legati
2733 2871 2791 2936 al
2840 2874 3143 2951 concilio,

468 3001 647 3044 come
693 2980 892 3044 fanno
937 2978 1135 3043 l'altre
1181 2980 1421 3043 nationi
1440 3028 1457 3057 ‚
1515 2978 1747 3064 perche
1807 2999 1934 3042 non
1980 2978 2320 3064 potendosi
2366 2978 2756 3043 concordare
2803 2982 2943 3064 qui,
3001 2988 3140 3044 tro-

468 3108 703 3151 varano
748 3086 939 3150 modo
986 3085 1051 3149 di
1097 3087 1364 3150 chiarire
1410 3085 1451 3148 li
1501 3085 1635 3150 loro
1682 3084 1860 3149 dubii
1906 3084 2009 3149 nel
2055 3083 2235 3149 detto
2283 3085 2571 3150 concilio.
2664 3094 2731 3150 et
2775 3091 2916 3151 cosi
2967 3086 3240 3151 ordi-25

468 3192 676 3258 nando
723 3192 841 3257 che
887 3192 946 3257 le
994 3216 1144 3258 cose
1203 3195 1409 3258 stiano
1470 3192 1574 3256 nel
1632 3201 1931 3278 presente
1992 3194 2263 3255 termino
2311 3203 2376 3257 et
2421 3191 2717 3257 havendo
2764 3191 2959 3280 dapoi
3007 3203 3142 3259 sta-

468 3299 649 3364 bilito
695 3298 917 3364 alcune
964 3322 1115 3365 cose
1161 3299 1517 3364 favorevoli
1563 3322 1601 3362 a
1645 3298 1687 3361 li
1723 3298 2057 3377 Catholici,
2103 3297 2186 3362 ha
2231 3308 2420 3383 posto
2465 3301 2590 3363 fine
2637 3321 2676 3363 a
2715 3309 2944 3385 questa
2990 3324 3143 3387 pra-

470 3409 598 3471 tica
641 3405 935 3471 instando
995 3429 1185 3493 sopra
1239 3406 1303 3469 la
1361 3405 1886 3470 determinatione
1947 3404 2012 3469 di
2058 3404 2358 3470 mandare
2405 3406 2464 3469 al
2519 3406 2825 3486 concilio,
2869 3407 2933 3471 la
2988 3408 3138 3494 qual

470 3513 748 3578 anchora
812 3535 939 3577 11011
1006 3513 1214 3577 hanno
1283 3512 1503 3577 voluto
1571 3512 1740 3591 fare,
1811 3511 2054 3575 benche
2116 3511 2246 3576 Sua
2297 3512 2552 3577 Maesta
2609 3512 2753 3577 dice
2823 3514 2945 3578 che
3006 3538 3138 3578 non

473 3620 939 3685 manchiarano.
3158 3630 3236 3684 30

651 3727 831 3793 Saria
876 3727 1269 3813 impossibile
1330 3728 1681 3813 exprimere
1742 3736 1979 3812 quante
2037 3728 2254 3812 specie
2300 3725 2612 3790 d’heresie
2660 3727 2712 3790 si
2763 3729 2943 3791 siano
2991 3750 3141 3792 sco-

474 3843 653 3921 perte
702 3844 767 3900 et
811 3836 1125 3899 contrarie
1170 3836 1236 3897 in
1282 3856 1383 3913 se,
1444 3842 1506 3898 et
1567 3832 1850 3897 secondo
1897 3832 1956 3897 le
2003 3834 2358 3897 conietture
2403 3833 2673 3898 humane
2720 3836 2774 3897 si
2821 3840 2952 3920 pub
2999 3857 3141 3899 cre-

472 3940 623 4007 dere
670 3950 845 4007 certo
892 3941 1011 4006 che
1057 3939 1140 4005 ad
1186 3940 1515 4027 estirparle
1562 3946 1705 4004 sara
1748 3939 2019 4024 bisogno
2067 3939 2132 4003 di
2177 3939 2376 4003 molto
2423 3949 2639 4026 tempo
2673 3948 2738 4003 et·
2782 3939 2850 4004 di
2895 3941 3138 4025 grande

471 4050 945 4114 continuatione
1004 4049 1068 4112 di
1138 4058 1364 4133 questo
1412 4046 1599 4112 Serum
1667 4070 1735 4110 re
1804 4069 1932 4110 11011
1992 4069 2136 4111 111611
2191 4046 2504 4132 prudente
2563 4047 2683 4111 che
2742 4047 3038 4112 fervente
3100 4072 3137 4113 a

473 4165 701 4241 questa
745 4177 964 4242 opera,
1018 4154 1165 4241 qual
1212 4177 1251 4219 a
1303 4176 1469 4240 poco
1515 4176 1553 4218 a
1611 4176 1777 4240 poco
1838 4175 1919 4217 va
1977 4152 2368 4218 ridrizzando
2423 4153 2484 4217 le
2531 4176 2679 4217 cose
2726 4176 2766 4218 a
2809 4154 2983 4219 bono
3029 4163 3228 4220 ca-35

472 4265 660 4326 mino.
760 4285 863 4327 ma
930 4284 1052 4326 con
1119 4270 1287 4326 tutto
1356 4271 1580 4346 questo
1643 4260 1980 4345 bisognara⁷
2038 4261 2156 4324 che
2216 4260 2258 4323 il
2319 4262 2536 4344 signor
2591 4259 2781 4324 Iddio
2851 4261 3134 4326 conceda

471 4368 687 4433 l'aiuto
751 4392 867 4433 suo
928 4370 1039 4454 piu
1097 4369 1217 4433 che
1277 4367 1622 4446 ordinarie,
1681 4368 1916 4453 perche
1975 4378 2200 4453 queste
2259 4367 2506 4432 heresie
2567 4390 2725 4431 sono
2782 4370 3133 4433 inveterate

475 4486 539 4540 et
583 4475 646 4539 di
694 4477 970 4562 pessima
1016 4484 1186 4539 sorte
1235 4485 1299 4538 et>
1343 4474 1401 4538 le
1447 4476 1619 4559 genti
1667 4497 1795 4538 non
1843 4498 1999 4537 sono
2034 4476 2251 4560 capaci
2301 4473 2364 4537 di
2411 4475 2650 4558 ragioni
2708 4480 2786 4537 ne
2834 4475 3133 4559 vogliono

478 4604 704 4646 essere.
1776 4668 1782 4673 ,

652 4688 777 4750 Del
839 4690 1102 4769 negocio
1164 4687 1243 4751 dc
1304 4686 1363 4751 la
1422 4710 1577 4774 pace
1638 4686 1737 4749 col
1790 4687 2094 4753 Vaivoda
2154 4711 2279 4751 non
2338 4688 2421 4752 ho
2482 4697 2747 4774 possuto
2803 4688 3133 4753 intendere
3153 4698 3226 4751 40
