3500 5300
530 341 638 402 848
1639 338 1740 395 No.
1777 339 1882 394 1*:
1921 339 2076 394 1536.

339 541 480 594 1536
533 538 838 625 gesimam
895 544 1046 602 ante
1105 536 1459 623 passionem
1505 535 1742 600 domini
1804 544 1868 601 et
1922 534 2429 617 resurectionem,
2486 540 2560 597 ut
2616 555 2730 620 per
2772 531 3204 597 humilitatem
3467 579 3470 676 1

534 645 744 709 carnis
787 643 869 709 ad
917 642 1306 729 spiritualem
1354 643 1639 728 saginam
1686 642 2033 705 veniamus.
2122 640 2292 727 quod
2338 641 2527 705 etiam
2574 639 2938 727 persuaderi
2986 647 3204 726 potest

530 773 615 816 ex
681 773 755 816 eo
826 750 995 837 quod
1063 747 1335 813 habetur
1378 749 1523 812 Act.
1583 749 1791 834 capite
1848 747 2197 834 penultimo
2229 749 2314 830 ¹):
2382 746 2579 811 multo
2636 753 2846 811 autem
2907 754 3202 833 tempore

530 865 786 943 peracto
831 866 895 921 et
939 879 1085 921 cum
1120 857 1259 942 jam
1304 876 1431 919 non
1490 865 1653 920 esset
1709 862 1849 919 tuta
1909 854 2230 939 navigatio
2245 903 2262 935 ‚
2322 875 2397 918 eo
2455 852 2626 940 quod
2673 853 2991 940 jejunium
3050 852 3200 939 jam

530 965 927 1050 preteriisset.
1031 970 1096 1027 et
1161 984 1246 1026 ex
1313 984 1389 1026 eo
1451 962 1618 1048 quod
1679 959 1950 1026 habetur
2019 961 2083 1023 in
2145 981 2194 1024 c.
2258 960 2590 1024 statuimus
2654 967 2717 1024 et
2781 961 2848 1024 in
2917 983 2971 1026 c.
3037 982 3191 1046 qua·
3247 977 3280 1028 5

531 1070 890 1154 dragesima
948 1079 987 1134 4
1047 1068 1187 1133 dist.
1219 1072 1305 1151 ²),
1373 1066 1487 1132 ubi
1546 1066 2012 1153 Thelesphorus
2077 1065 2258 1132 addit
2315 1065 2793 1154 quadragesime
2859 1068 3196 1154 septimam
3470 1061 3472 1126 l

532 1174 986 1257 ebdomadam,
1046 1197 1129 1239 ex
1175 1197 1299 1261 quo
1345 1182 1592 1239 constat
1636 1182 1784 1239 ante
1827 1196 1970 1238 eum
2017 1173 2392 1257 institutam,
2438 1174 2546 1260 qui
2591 1180 2918 1260 asumptus
2961 1173 3082 1237 fuit
3127 1175 3198 1237 in

531 1282 892 1369 pontificem
953 1303 1121 1345 anno
1194 1291 1313 1348 131
1390 1281 1738 1346 secundum
1804 1278 2147 1345 Eusebium
2217 1288 2282 1344 et
2346 1288 2491 1366 post
2547 1278 2778 1345 Christi
2835 1281 3197 1366 passionem

532 1412 700 1454 anno
751 1397 851 1454 98.

712 1494 893 1559 Licet
949 1503 1161 1559 autem
1221 1493 1604 1558 constituere
1662 1492 2206 1578 quadragesimale
2255 1493 2568 1580 jejunium
2638 1492 2928 1556 divinum
2965 1492 3194 1575 ‘fuet-it,
3216 1509 3277 1562 10

533 1625 658 1690 quo
706 1609 916 1666 autem
950 1609 1228 1686 tempore
1260 1597 1572 1686 quibusve
1604 1599 1829 1663 diebus
1860 1599 2242 1663 servandum
2275 1601 2356 1663 sit
2384 1599 2739 1680 decernere,
2770 1598 3196 1663 ecclesiastice

533 1716 627 1774 est
670 1709 1014 1794 potestatis,
1061 1715 1130 1769 ut
1175 1705 1488 1791 colligitur
1546 1727 1628 1769 ex
1688 1729 1762 1768 co
1811 1705 1980 1791 quod
2027 1705 2192 1769 dixit
2237 1704 2663 1791 Augustinus:
2724 1728 2842 1791 ego
2890 1707 2955 1769 in
3001 1728 3192 1771 evan·

533 1815 751 1901 gelicis
797 1822 859 1878 et
919 1812 1279 1900 apostolicis
1337 1811 1557 1876 litteris
1617 1820 1872 1898 totoque
1933 1835 2098 1876 novo
2159 1821 2531 1877 testamento
2593 1811 2778 1876 video
2824 1827 3193 1898 preceptum

533 1944 667 1986 esse
701 1920 1051 2007 jejunium3
1110 1918 1340 2005 quibus
1399 1928 1610 1982 autem
1671 1917 1896 1983 diebus
1955 1942 2080 1982 non
2140 1927 2426 2005 oporteat
2483 1927 2546 1983 et
2597 1918 2830 2005 quibus
2887 1926 3191 2005 oporteat,

534 2037 829 2114 precepto
877 2027 1119 2091 domini
1165 2034 1228 2088 et
1271 2024 1697 2110 apostolorum
1746 2048 1872 2089 non
1921 2027 2162 2111 reperio
2209 2033 2593 2111 preceptum.
3213 2040 3275 2093 15

712 2133 846 2197 Nec
906 2132 1184 2197 retrahat
1243 2154 1357 2195 nos
1413 2154 1453 2194 a
1500 2131 1745 2216 jejunio
1793 2141 1856 2195 et
1920 2133 2097 2196 statis
2143 2130 2531 2218 temporibus
2576 2154 2617 2196 a
2660 2132 3060 2218 quorundam
3104 2132 3191 2196 ci-

535 2235 759 2304 borum
807 2239 1185 2303 abstinentia
1230 2236 1399 2324 quod
1447 2235 1716 2301 habetur
1763 2237 1937 2323 Esay
1985 2249 2065 2305 58
2096 2241 2179 2320 ’μ
2227 2239 2512 2325 nunquid
2557 2237 2682 2302 tale
2727 2247 2822 2302 est
2855 2239 3190 2324 jejunium,

534 2345 703 2433 quod
772 2346 929 2430 elegi
989 2368 1102 2431 per
1158 2345 1322 2409 diem
1371 2342 1652 2430 affligere
1697 2346 1972 2408 animam
2023 2368 2235 2426 suam3
2295 2353 2357 2409 et
2401 2345 2572 2432 quod
2620 2347 2937 2431 sequitur:
2982 2367 3192 2409 nonne

533 2453 653 2518 hoc
698 2453 900 2537 magis
946 2459 1041 2516 est
1074 2451 1388 2537 jejunium
1422 2451 1593 2538 quod
1624 2450 1819 2536 elegi:
1867 2450 2141 2515 dissolve
2172 2453 2584 2537 cogitationes
2628 2452 2986 2538 impietatis,
3018 2450 3190 2515 solve

534 2559 871 2625 fasciculos
915 2557 1368 2644 deprimentes,
1429 2558 1675 2622 dimitte
1720 2580 1829 2623 eos
1874 2559 1983 2644 qui
2042 2558 2348 2622 confracti
2408 2566 2553 2623 sunt
2610 2556 2841 2623 liberos
2885 2569 2949 2623 et
3006 2570 3275 2625 omnem
3475 2581 3476 2620 ι

534 2690 693 2732 onus
738 2665 1092 2752 disrumpe,
1137 2665 1360 2750 frange
1405 2665 1701 2728 esurienti
1747 2687 1977 2751 panem
2023 2674 2203 2729 tuum
2249 2673 2313 2729 et
2356 2687 2587 2751 egenos
2634 2688 2954 2753 vagosque
2998 2665 3189 2730 indue

532 2775 596 2837 in
645 2773 905 2837 domum
951 2781 1161 2853 tuam3
1220 2793 1366 2835 cum
1430 2769 1662 2834 videris
1718 2771 1993 2853 nudum,
2054 2773 2229 2856 operi
2287 2793 2430 2836 eum
2477 2780 2541 2836 et
2587 2794 2842 2837 carnem
2889 2781 3064 2837 tuam
3110 2794 3189 2835 ne

534 2879 902 2966 despexeris
948 2914 1053 2960 —-,
1101 2877 1398 2964 quoniam
1448 2899 1574 2941 non
1616 2899 1803 2941 omne
1839 2877 2154 2964 jejunium
2187 2877 2485 2964 reprobat
2522 2879 2694 2966 quod
2739 2880 2805 2942 in
2853 2878 3189 2944 afflictione

535 2987 815 3073 corporis
860 2992 1225 3067 exercetur3
1286 2984 1394 3048 sed
1441 2983 1611 3070 quod
1670 3005 2001 3069 perperam
2064 2984 2133 3047 fit
2179 2994 2241 3049 et
2285 2986 2504 3070 pravis
2538 2986 2833 3072 jungitur
2877 2984 3187 3073 operibus,

534 3093 758 3159 tollens
792 3092 1019 3179 jejunii
1067 3093 1376 3156 meritum.
1434 3090 1604 3177 quod
1652 3099 1899 3155 constat
1942 3113 2025 3155 ex
2071 3090 2283 3155 verbis
2328 3113 2452 3178 que
2497 3090 2994 3179 subsequuntur:
3041 3104 3270 3157 ecce25

535 3201 599 3263 in
647 3197 749 3263 die
783 3198 1013 3285 jejunii
1058 3198 1252 3262 vestri
1296 3198 1615 3262 invenitur
1644 3197 1938 3262 voluntas
1979 3205 2216 3280 vestra,
2262 3206 2328 3263 et
2357 3220 2575 3263 omnes
2605 3197 2921 3263 debitores
2951 3208 3188 3265 vestros

534 3306 814 3391 repetitis
859 3327 1009 3370 ecce
1055 3304 1139 3369 ad
1184 3304 1323 3369 lites
1367 3313 1431 3369 et
1475 3306 1946 3387 consentiones3
1988 3305 2292 3391 jejunatis
2336 3314 2399 3369 et
2442 3306 2771 3391 percutitis
2813 3328 3030 3393 pugno
3076 3316 3188 3371 etc.

536 3413 638 3476 cui
672 3411 918 3498 jejunio
964 3410 1407 3497 preferendum
1452 3418 1546 3476 est
1590 3410 1870 3476 studium
1932 3409 2292 3476 abolitionis
2339 3420 2742 3496 peccatorum
2788 3420 2853 3476 et
2897 3435 3188 3477 exercen-

535 3517 761 3583 darum
808 3519 871 3581 in
917 3539 1149 3603 egenos
1194 3516 1623 3581 misericordie
1669 3539 2022 3603 operarum.

714 3623 802 3688 Et
848 3625 1054 3687 minus
1100 3623 1278 3688 obest
1324 3621 1492 3710 quod
1541 3621 1811 3688 habetur
1857 3624 2009 3688 Mat.
2064 3634 2144 3691 10
2171 3623 2253 3712 ⁴):
2301 3626 2365 3688 in
2396 3646 2840 3712 quamcunque
2872 3627 3268 3691 civitatemSO

536 3731 919 3795 intraveritis
959 3740 1022 3795 et
1068 3731 1456 3816 susceperint
1485 3752 1617 3813 vos,
1665 3730 2043 3797 manducate
2073 3753 2195 3817 que
2241 3741 2644 3818 apponuntur
2675 3730 2859 3795 vobis
2893 3772 2996 3815 —,
3042 3756 3186 3820 quo-

537 3840 709 3902 niam
741 3834 1157 3923 prohibentur
1187 3836 1528 3901 dumtaxat
1556 3838 1725 3922 exigi
1759 3837 2124 3902 delicatiora
2172 3837 2412 3902 cibaria
2443 3861 2633 3925 quam
2669 3861 2792 3925 que
2822 3839 3186 3921 afferuntur,

537 3952 599 4009 et
646 3966 723 4008 ne
768 3944 1108 4029 importuni
1171 3943 1377 4008 forent
1424 3941 1790 4029 hospitibus.
1884 3944 2052 4031 quod
2113 3968 2261 4008 vero
2319 3945 2552 4009 dicitur
2608 3945 2758 4009 Mat.
2815 3958 2892 4012 15
2924 3948 3006 4031 ⁵):
3066 3971 3185 4011 non

538 4050 707 4137 quod
755 4052 949 4114 intrat
978 4072 1089 4136 per
1135 4072 1223 4133 os,
1260 4051 1627 4136 coinquinat
1658 4048 1984 4132 hominem,
2031 4051 2137 4115 sed
2171 4051 2342 4137 quod
2387 4053 2519 4116 exit
2563 4052 2642 4116 de
2688 4074 2796 4116 ore
2829 4055 3184 4139 coinquinat

537 4155 853 4221 hominem
907 4195 1006 4237 —-,
1054 4180 1175 4220 non
1225 4158 1449 4220 astruit
1494 4155 1829 4242 prohibitis
1875 4155 2260 4243 temporibus
2305 4157 2548 4222 edenda
2595 4180 2717 4244 que
2762 4158 3260 4244 prohibentur,35

684 4353 723 4424 ¹)
759 4354 881 4407 Act.
917 4356 996 4407 27
1032 4370 1079 4407 v.
1119 4356 1167 4407 9.

683 4440 724 4509 ²)
761 4458 805 4497 c.
844 4446 877 4495 5
913 4442 986 4495 D.
1025 4446 1074 4496 4.

686 4532 724 4589 ³)
763 4532 871 4587 Jes.
911 4536 983 4585 58
1019 4550 1064 4586 υ.
1104 4536 1155 4586 5.

683 4620 723 4677 ⁴)
774 4620 1039 4675 Vielmehr
1077 4620 1181 4674 Ec.
1222 4621 1358 4676 Luc.
1396 4624 1465 4674 10
1498 4637 1547 4676 υ.
1586 4623 1635 4675 6.

685 4706 724 4779 ⁸)
765 4708 869 4762 Ev.
910 4710 1091 4764 Μαιιι.
1134 4713 1201 4764 15
1238 4727 1285 4763 v.
1324 4713 1399 4767 11.
3196 4713 3258 4765 ω
