3500 5300
643 342 751 405 ⁴¹⁰0
1617 341 1716 400 No.
1757 343 1887 401 157:
1925 343 2065 400 1535
2099 342 2206 399 Mai
2244 343 2330 400 28.

437 546 577 628 15335
649 550 837 629 atque
884 543 991 611 ait.
1017 563 1144 606 non
1191 540 1423 606 debere
1467 564 1701 628 papam
1746 548 1811 607 et
1841 540 2176 608 Caesarem
2222 540 2489 606 verbum
2537 565 2733 607 unum
2778 540 3050 628 amplius
3095 539 3279 606 facere

390 618 519 671 Mm
553 620 731 714 wad
777 650 1093 736 principes
1142 648 1522 714 Germaniae
1567 671 1760 735 super
1806 648 2097 730 concilio,
2144 657 2207 713 et
2251 649 2449 713 multo
2497 650 2706 713 minus
2752 671 2944 736 super
2988 649 3145 730 loco,
3187 648 3278 713 sed

648 759 782 821 sine
841 755 971 821 ulla
1018 756 1421 820 cunctatione
1482 754 1713 820 debere
1761 755 1956 821 Suam
2004 755 2416 821 Sanctitatem
2463 765 2526 820 et
2570 756 2970 843 Majestatem
3025 759 3278 821 emittere

646 864 1052 928 indictionem
1098 864 1294 949 ipsius
1340 862 1586 927 concilii
1633 862 1714 927 ad
1763 885 2225 950 quemcumque
2270 862 2476 928 locum
2530 864 2648 950 ipsi
2695 864 2821 929 duo
2880 863 3119 929 volunt„
3188 862 3276 926 ad·

645 971 825 1036 ducit
870 993 1020 1035 vero
1068 970 1233 1034 hanc
1280 971 1584 1034 rationem
1633 971 1992 1056 oppinionis
2040 993 2223 1034 suae:
2278 970 2448 1058 quod
2498 971 2703 1057 major
2746 993 2896 1057 pars
2944 972 3275 1057 principum
3318 987 3342 1039 5

646 1087 1001 1143 vestrorum
1061 1079 1142 1142 sit
1175 1078 1315 1163 jam
1375 1078 1613 1141 infecta
1672 1077 1948 1158 haeresi,
2009 1078 2202 1141 immo
2261 1077 2351 1142 illi
2408 1078 2530 1164 ipsi
2590 1080 2778 1142 etiam
2836 1079 2945 1165 qui
3002 1076 3278 1142 hactenus

644 1185 935 1250 catholici
971 1184 1464 1272 judicabantur:
1513 1184 1753 1249 hostem
1787 1183 2180 1250 orthodoxae
2220 1184 2522 1250 ecclesiae
2558 1208 2693 1250 esse
2739 1185 2994 1250 dicebat
3039 1185 3273 1271 Magun-

644 1294 846 1358 tinum
901 1294 1143 1380 ipsum,
1206 1292 1446 1357 hostem
1494 1291 1878 1356 Joachinum
1938 1291 2328 1375 ellectorem,
2391 1292 2632 1357 hostem
2691 1295 2881 1358 etiam
2927 1293 3278 1373 Palatinum,
3369 1341 3375 1348 .
3435 1361 3442 1382 Ι

645 1401 884 1465 hostem
945 1401 1214 1487 denique
1276 1399 1504 1463 ducem
1567 1398 1913 1484 Georgium
1976 1399 2310 1465 Saxoniae.
2431 1400 2647 1488 itaque
2717 1401 3002 1465 futurum
3076 1409 3143 1465 ut
3193 1398 3276 1463 vel

644 1509 764 1595 ipsi
813 1515 1027 1594 aperte
1058 1513 1427 1593 oppugnent
1474 1506 1574 1570 vel
1618 1529 1734 1593 per
1768 1507 2094 1572 cuniculos
2142 1515 2205 1571 et
2235 1510 2528 1594 praticae,
2575 1530 2733 1594 quas
2780 1508 3002 1573 dicunt
3046 1508 3277 1572 emissas
3296 1525 3342 1575 10

644 1615 725 1679 ad
771 1614 1134 1679 lutheranos
1180 1615 1519 1700 principes,
1567 1625 1970 1700 oppugnent,
2032 1614 2272 1679 scilicet
2319 1638 2397 1679 ne
2445 1616 2509 1678 in
2555 1614 2745 1679 Italia
2792 1616 3126 1680 concilium
3167 1614 3276 1677 fiat.

642 1721 868 1787 deinde
915 1745 1066 1786 vero
1114 1718 1325 1785 aiebat
1368 1721 1421 1784 is
1454 1719 1734 1786 Eckius:
1783 1729 1956 1803 tunc,
2004 1723 2057 1786 si
2105 1743 2251 1786 cum
2295 1721 2657 1810 hujusmodi
2703 1721 3095 1809 principibus
3124 1723 3278 1809 prius

643 1831 721 1895 de
766 1829 905 1894 loco
950 1829 1323 1893 tractaveris
1370 1837 1433 1892 et
1478 1850 1602 1892 non
1650 1829 1856 1915 possis
1910 1827 2196 1894 obtinere
2242 1836 2314 1894 ut
2359 1831 2756 1895 consentiant
2800 1828 2880 1895 de
2926 1830 3141 1896 Italiae
3183 1828 3276 1892 ali·

642 1961 769 2025 qua
815 1938 1101 2020 civitate,
1149 1958 1276 2001 non
1323 1936 1442 1999 erit
1488 1934 1758 2021 amplius
1805 1937 2120 2022 integrum
2169 1937 2458 2023 pontifici
2503 1944 2566 2002 et
2611 1939 2744 2023 regi
2791 1940 3127 2029 quicquam
3169 1943 3277 2000 sta·

640 2055 818 2110 tuere
862 2044 941 2109 de
988 2044 1125 2108 loco
1181 2045 1319 2129 ipso
1380 2044 1517 2107 sine
1575 2041 1800 2108 horum
1862 2044 2352 2128 consultatione,
2413 2046 2564 2132 quia
2609 2046 2747 2132 jam
2808 2068 2909 2110 res
2957 2045 3037 2110 ad
3082 2057 3345 2110 eorum15

631 2152 947 2240 judicium
994 2150 1207 2215 delata
1252 2152 1333 2215 sit
1364 2153 1433 2232 1).

819 2259 1181 2323 Adversum
1229 2257 1387 2321 haec
1436 2258 1648 2322 omnia
1693 2257 1894 2323 multa
1947 2280 2063 2345 ego
2124 2258 2291 2342 dixi,
2351 2259 2462 2324 sed
2520 2282 2600 2323 ex
2659 2259 2873 2324 multis
2932 2282 3134 2347 pauca
3186 2256 3278 2321 hie

643 2368 1027 2453 exprimam:
1076 2374 1204 2449 aut,
1250 2365 1406 2447 dixi,
1467 2364 1615 2429 mali
1663 2373 1812 2430 sunt
1858 2367 2113 2430 omnino
2160 2373 2223 2430 et
2268 2367 2465 2431 nostri
2511 2365 2721 2430 hostes
2767 2366 2855 2430 hii
2904 2387 3280 2453 quos-<supra

642 2475 985 2557 nominavi,
1032 2481 1144 2537 aut
1187 2472 1376 2559 plane
1422 2472 1631 2536 adhuc
1674 2471 1987 2537 catholici.
2081 2473 2134 2538 si
2179 2473 2347 2552 mali,
2396 2473 2616 2537 audita
2661 2473 3008 2539 indictione
3053 2472 3278 2539 concilii

644 2581 725 2645 ad
774 2589 1013 2646 certum
1057 2579 1269 2645 locum
1317 2577 1559 2669 absque
1605 2601 1678 2644 eo
1725 2579 1895 2669 quod
1945 2602 2092 2644 cum
2138 2581 2227 2644 eis
2274 2579 2543 2645 verbum
2590 2581 2719 2665 fiat,
2767 2581 2848 2645 ad
2897 2583 3102 2669 ipsum
3147 2591 3349 2646 con-20

645 2689 857 2753 cilium
903 2690 1091 2776 plane
1136 2712 1264 2753 non
1311 2689 1604 2763 venient;
1665 2695 1726 2751 et
1774 2689 1828 2752 si
1872 2688 2176 2752 faciemus
2222 2711 2337 2752 nos
2383 2689 2720 2753 concilium
2766 2690 2902 2753 sine
2948 2690 3097 2772 illis,
3141 2686 3278 2753 nihil
3441 2688 3447 2741 Ι

644 2798 898 2862 omnino
945 2797 1279 2879 faciemus,
1340 2796 1491 2884 quia
1536 2804 1757 2881 postea
1815 2794 2281 2860 desiderabitur
2338 2798 2660 2880 executiO‚
2721 2818 2884 2883 quae
2931 2818 3186 2883 operosa
3225 2800 3282 2858 et
3441 2824 3442 2827 ¹

644 2904 916 2969 difficilis
962 2913 1025 2968 et
1068 2902 1421 2991 periculosa
1466 2903 1682 2966 futura
1725 2909 1851 2986 est,
1913 2903 1963 2966 si
2014 2910 2237 2967 contra
2288 2911 2420 2967 tam
2466 2926 2764 2989 magnam
2811 2903 3185 2969 Germaniae
3224 2908 3283 2965 et
3441 2842 3447 2949 Ι

642 3020 773 3077 tam
842 3011 1123 3075 validam
1191 3018 1435 3096 partem
1504 3010 1902 3096 suscipiatur.
1994 3032 2144 3074 nam
2214 3033 2410 3099 quare
2478 3034 2603 3074 non
2673 3011 3053 3097 suscipimus
3109 3007 3279 3075 modo

643 3142 822 3184 arma
869 3126 1091 3183 contra
1137 3116 1293 3180 eos?
1382 3118 1534 3204 quia
1593 3140 1716 3180 non
1765 3125 1899 3182 tuto
1946 3140 2280 3204 possumus
2339 3125 2402 3182 et
2444 3119 2594 3205 quia
2640 3117 2943 3183 vellemus
2989 3141 3092 3183 eos
3134 3115 3281 3181 redi·
3297 3126 3355 3180 25

641 3249 790 3313 gere
836 3224 917 3289 ad
973 3227 1268 3290 unionem
1328 3223 1704 3289 catholicam
1760 3222 2111 3289 rationibus
2171 3225 2558 3311 argumentis
2621 3226 2889 3289 veritate
2950 3227 3112 3312 ipsa,
3167 3244 3284 3287 non

643 3335 851 3397 armis.
912 3355 1062 3417 ergo
1109 3352 1185 3395 ea
1230 3332 1336 3395 via
1394 3338 1648 3394 utamur
1716 3354 1844 3417 qua
1913 3353 2235 3418 speremus
2297 3333 2469 3417 ipsos
2516 3332 2599 3396 ad
2647 3332 2988 3397 concilium
3034 3330 3284 3409 trahere,

641 3464 768 3505 non
816 3462 943 3526 qua
988 3438 1070 3502 ad
1117 3437 1615 3524 desperationem
1678 3445 1741 3502 et
1804 3439 2109 3524 majorem
2170 3438 2622 3503 dissensionem
2684 3446 2747 3503 et
2791 3439 3065 3526 denique
3107 3439 3284 3502 etiam

644 3548 727 3612 ad
772 3546 966 3611 bella!
1058 3546 1166 3609 via
1210 3552 1420 3609 autem
1468 3566 1596 3631 qua
1641 3567 1859 3609 omnes
1890 3547 2012 3632 ipsi
2058 3545 2140 3609 ad
2188 3546 2523 3610 concilium
2569 3545 2734 3610 trahi
2777 3549 3041 3633 possint,
3086 3545 3283 3610 huius·

640 3654 815 3719 modi
862 3652 1030 3718 bona
1073 3661 1169 3717 est
1213 3660 1284 3716 ut
1340 3674 1483 3715 cum
1543 3653 1697 3738 ipsis
1757 3675 2020 3738 agamus
2082 3653 2354 3717 molliter
2412 3675 2642 3742 eosque
2699 3676 2830 3718 non
2887 3654 3359 3739 negligamus.30

643 3763 696 3825 si
740 3783 891 3825 vero
940 3758 1089 3823 boni
1136 3768 1284 3824 sunt
1329 3761 1447 3846 ipsi
1495 3761 1804 3825 nominati
1864 3761 2183 3846 principes
2240 3760 2439 3849 (quod
2499 3762 2690 3825 etiam
2737 3761 3119 3826 credendum
3163 3782 3287 3825 ma-

642 3870 740 3955 gis
785 3874 924 3950 est),
974 3889 1087 3931 cur
1134 3889 1281 3931 cum
1326 3867 1447 3931 illis
1500 3890 1629 3931 non
1677 3869 2136 3933 communicem
2186 3868 2516 3933 consilium
2559 3868 2924 3955 pontificis?
3015 3891 3126 3933 cur
3166 3889 3288 3932 non

642 3975 970 4061 implorem
1018 3997 1234 4040 eorum
1268 3975 1624 4038 auxilium?
1713 3998 1910 4063 quare
1940 3998 2068 4040 non
2114 3974 2423 4040 favebunt
2467 3976 2778 4041 voluntati
2834 3976 3189 4062 pontificiae
3231 3982 3290 4038 et

643 4081 991 4148 Caesareae
1034 4084 1099 4146 in
1148 4091 1278 4146 tam
1332 4081 1595 4147 honesta
1639 4082 1757 4147 re?
1848 4085 2218 4169 praesertim
2275 4106 2472 4171 quum
2520 4105 2738 4148 omnes
2798 4083 3056 4148 videant
3097 4082 3290 4146 immi·

642 4191 777 4255 neri
827 4189 1185 4254 cervicibus
1231 4191 1461 4255 nostris
1506 4192 1856 4255 maximum
1894 4190 2265 4278 periculum,
2312 4193 2364 4254 si
2408 4192 2472 4254 in
2524 4190 2886 4255 civitatibus
2920 4191 3362 4257 Germaniaesf)

787 4476 832 4546 ¹)
870 4475 1037 4530 Dicae
1062 4474 1502 4544 Ausfflhrunyen
1537 4475 1633 4530 des
1669 4477 1981 4531 bairischen
2005 4476 2277 4531 Kamzm
2313 4477 2559 4546 bewoym
2597 4475 2850 4546 Veram-io
2884 4478 3002 4533 sich
3033 4496 3128 4532 um
3151 4478 3294 4532 Aus-

642 4566 812 4634 kmeft
847 4567 982 4620 iiber
1017 4566 1110 4620 die
1154 4563 1700 4634 voraufqeqanyenen
1734 4564 2422 4636 Reichstayshandlunyen
2465 4568 2528 4621 in
2572 4565 2671 4620 der
2719 4566 3096 4637 Concilsfraye
3138 4567 3295 4620 smoie

643 4658 777 4711 eber
812 4656 903 4710 die
939 4673 1041 4711 vem
1075 4654 1339 4710 Leonard
1384 4672 1489 4709 von
1523 4654 1643 4708 Eck
1690 4655 2100 4725 verddehtiqten
2135 4656 2508 4711 katholischen
2541 4655 2784 4709 chrsten
2819 4674 2896 4710 om
2932 4656 3038 4711 Dr.
3075 4657 3294 4711 Jolmm

645 4743 766 4799 Eck
799 4761 871 4799 zu
907 4745 1148 4811 menaea,
1188 4744 1374 4799 dassen
1412 4744 1668 4798 Antwort
1703 4744 1985 4799 anderswo
2022 4745 2338 4814 mitqetheilt
2372 4744 2588 4799 werden
2621 4745 2782 4799 wird.
