3500 5300
1231 373 1332 430 No,
1370 375 1467 430 98:
1506 374 1646 430 1538
1679 373 1808 428 suni
1846 374 1930 429 10.
2807 367 2914 430 303

257 566 579 635 Clemente
622 567 706 633 bo
752 588 869 632 me.
961 568 1089 632 mai
1135 567 1292 632 volsi
1341 567 1631 634 chiedere
1676 568 1957 654 perdono
2003 568 2068 632 di
2115 567 2320 654 quello
2360 567 2427 632 di
2471 568 2588 633 che
2633 591 2758 633 non
2805 591 2915 633 era
2988 571 3129 651 1538

257 673 595 761 colpevole‚
641 683 704 741 et
750 674 865 739 che
911 673 1042 740 Sua
1088 674 1360 757 Santita,
1407 674 1649 740 allhora
1693 677 1759 739 in
1808 674 2183 755 minoribus,
2243 674 2504 740 essendo
2550 677 2802 740 conscia
2848 674 2913 739 di
2934 641 3075 695 Jum
3118 644 3184 693 ¹⁰

255 783 459 869 questi
504 783 747 847 trattati
792 781 1122 847 biasmava
1166 779 1427 868 l'iniqua
1454 782 1693 847 facilita
1735 780 1804 846 di
1834 780 2175 864 Clemente,
2222 781 2370 869 qual
2417 804 2604 847 senza
2648 780 2914 867 giuditio

255 899 318 954 et
362 889 720 974 cognitione
767 888 998 953 alcuna
1043 886 1173 952 solo
1220 909 1333 974 per
1378 890 1773 975 compiacere
1818 888 1942 953 alla
1987 887 2260 954 Cesarea
2304 897 2367 953 et
2411 897 2633 975 questa
2671 888 2917 954 Maesta

198 995 611 1060 5oondemno
657 1017 794 1061 esso
840 1018 909 1060 re
955 995 1247 1061 Gioanni.

434 1101 540 1167 Gli
584 1102 704 1169 feci
748 1104 1019 1190 risposta
1063 1102 1178 1168 che
1224 1103 1349 1166 mio
1396 1102 1593 1168 offitio
1640 1125 1768 1167 non
1825 1125 1934 1167 era
1976 1102 2302 1188 giudicare
2345 1101 2391 1166 il
2436 1104 2592 1169 fatto
2638 1103 2704 1168 di
2748 1125 2916 1190 papa

255 1206 609 1292 Clemente3
666 1231 774 1274 ma
830 1209 1094 1275 essendo
1153 1216 1316 1274 stata
1373 1216 1593 1296 questa
1640 1209 1887 1275 Santita
1943 1210 2010 1274 in
2055 1208 2404 1274 minoribus
2449 1210 2810 1275 favorevole
2853 1210 2914 1274 al

259 1313 395 1403 [suo
424 1314 517 1402 re]
551 1314 841 1380 havendo
874 1318 1238 1381 conosciuta
1281 1314 1344 1379 la
1373 1317 1679 1381 iniustitia
1710 1314 1878 1380 della
1908 1337 2120 1398 causa,
2168 1337 2346 1380 come
2387 1315 2477 1381 lui
2507 1315 2773 1405 di[ceva,
2829 1318 2916 1380 mi

255 1420 513 1509 pareva]
571 1424 682 1507 piu
757 1422 1183 1487 convenevole
1244 1423 1341 1487 ch'
1403 1421 1460 1488 el
1518 1423 1805 1510 predetto
1872 1445 1941 1487 re
2008 1423 2471 1488 monstrandosi
2528 1432 2710 1510 grato
2768 1423 2915 1489 delli

168 1537 238 1591 10
256 1528 449 1594 officii
482 1580 495 1592 .
531 1579 542 1592 .
577 1578 591 1592 .
622 1526 899 1594 l’honore
957 1529 1037 1593 de
1084 1530 1215 1594 Sua
1269 1530 1517 1595 Santita
1574 1537 1637 1595 et
1684 1530 1764 1596 de
1822 1529 2031 1617 quella
2090 1530 2237 1594 sede
2296 1529 2667 1617 apostolica,
2727 1530 2914 1618 quale

256 1636 483 1701 credea
515 1685 527 1698 .
563 1686 574 1699 .
610 1686 623 1699 .
657 1643 899 1721 tempo,
960 1659 1065 1699 ma
1110 1639 1223 1722 piu
1293 1636 1376 1701 da
1421 1644 1640 1724 questo
1700 1636 2016 1723 pontifice,
2076 1636 2226 1724 qual
2285 1639 2322 1702 ὸ
2389 1659 2539 1703 vero
2599 1646 2775 1723 patre
2833 1638 2913 1702 de

256 1741 341 1831 [la
387 1740 817 1829 Christianita]
862 1752 1215 1827 governata
1261 1766 1448 1808 senza
1493 1743 1722 1808 alcuna
1768 1744 2121 1830 tyrannide.
2199 1742 2245 1809 il
2289 1744 2521 1830 perche
2567 1767 2693 1809 non
2740 1767 2916 1809 come

256 1850 518 1937 [nuntio,
565 1847 692 1935 ma]
739 1871 915 1913 come
948 1870 1216 1934 persona
1262 1873 1302 1914 a
1347 1848 1434 1914 lui
1466 1851 1675 1914 amica
1719 1849 1782 1914 lo
1815 1848 2167 1914 exhortava
2198 1874 2236 1913 a
2265 1852 2642 1935 persuadere
2689 1851 2749 1915 al
2782 1849 2916 1938 [suo

255 1979 324 2021 re
368 1954 455 2045 di]
501 1956 807 2021 mandare
867 1978 1136 2042 persona
1209 1980 1248 2021 a
1307 1965 1487 2042 posta
1546 1980 1586 2021 a
1653 1955 2110 2042 congratularsi
2170 1979 2288 2021 con
2347 1956 2479 2021 Sua
2534 1957 2781 2022 Santita
2838 1957 2917 2021 de

162 2069 238 2125 15
255 2070 475 2150 questa
534 2084 692 2148 pace
751 2069 813 2127 et
867 2085 1277 2128 reconoscere
1338 2062 1548 2150 quella
1606 2063 1784 2145 sede,
1854 2085 2032 2128 come
2078 2086 2323 2149 sempre
2391 2063 2600 2129 hanno
2658 2064 2815 2128 fatto
2874 2062 2916 2127 li

255 2171 493 2256 passati
550 2191 619 2234 re
679 2169 759 2234 de
817 2168 1140 2256 Ongaria3
1209 2170 1442 2255 perche
1520 2171 1606 2233 mi
1666 2169 2001 2234 confidava
2070 2169 2185 2234 che
2244 2168 2606 2235 haverebbe
2665 2177 2915 2236 trovato

258 2274 532 2362 benigna
578 2275 1179 2364 corresponden[tia]
1226 2276 1309 2340 da
1355 2276 1487 2342 Sua
1532 2276 1793 2342 Santita.

432 2383 526 2446 Mi
570 2381 849 2469 repplico
895 2383 992 2449 ch'
1040 2383 1300 2448 essendo
1346 2383 1408 2448 la
1453 2405 1611 2470 pace
1655 2385 2070 2448 secretissima
2112 2390 2332 2470 questo
2363 2383 2426 2447 al
2456 2391 2744 2470 presente
2790 2407 2917 2448 non

256 2491 308 2555 si
354 2498 540 2575 potea
586 2490 720 2554 fare
768 2511 958 2553 senza
1001 2512 1162 2575 gran
1207 2489 1520 2576 pericuIO,
1581 2497 1643 2554 et
1700 2491 1854 2577 pero
1902 2512 2012 2555 era
2056 2489 2286 2576 meglio
2332 2488 2449 2555 che
2495 2489 2628 2556 Sua
2671 2490 2919 2557 Santita

158 2605 238 2659 20
256 2597 590 2662 mandasse
651 2598 869 2662 nuntio
930 2594 1032 2661 nel
1093 2597 1279 2662 modo
1337 2597 1762 2684 soprascrittO.
1866 2604 1930 2663 et
1986 2598 2116 2662 cosi
2180 2596 2496 2663 essendosi
2563 2619 2753 2685 sopra
2819 2599 2916 2663 cio

256 2704 645 2769 variamente
677 2702 1023 2789 repplicato
1054 2702 1290 2792 rest[ai]
1322 2706 1534 2791 quieto
1582 2703 1696 2769 che
1742 2726 1870 2769 non
1918 2706 1970 2768 si
2000 2726 2367 2770 conveneva
2413 2703 2531 2770 che
2573 2706 2633 2770 io
2680 2706 2917 2770 facesse

254 2809 377 2876 tale
422 2810 734 2894 richiesta,
779 2818 844 2875 et
887 2833 1112 2875 manco
1159 2810 1273 2875 che
1306 2811 1438 2876 Sua
1467 2810 1715 2876 Santita
1761 2811 2095 2876 mandasse
2139 2812 2380 2889 nuntio,
2428 2834 2493 2876 se
2536 2813 2743 2898 prima
2786 2835 2914 2877 non

255 2940 365 2982 era
420 2926 773 3002 prevenuta
833 2939 949 2982 con
1012 2915 1265 3004 qualchi
1324 2917 1568 2983 honesti
1628 2918 1811 2982 offitii
1870 2917 1974 2982 dal
2034 2940 2147 2982 suo
2193 2940 2294 2998 re,
2341 2917 2487 2982 delli
2535 2918 2706 3005 quali
2763 2920 2915 3004 pero

256 3023 485 3088 credea
543 3045 622 3086 ne
680 3025 842 3088 fosse
902 3023 1052 3088 dato
1110 3025 1512 3089 commission
1572 3023 1674 3088 all'
1735 3026 2141 3089 arcivescovo
2201 3022 2597 3108 Collocense,
2671 3026 2820 3112 qual
2879 3026 2915 3090 e

159 3131 492 3194 25inviato
549 3129 674 3195 alla
719 3129 991 3196 Cesarea
1046 3129 1320 3213 Maesta3
1381 3138 1793 3217 quantunque
1852 3130 1932 3195 de
1987 3132 2084 3195 cio
2144 3153 2271 3195 non
2330 3152 2578 3217 sapesse
2636 3153 2784 3197 cosa
2828 3130 2914 3196 al-

254 3259 438 3318 cuna,
494 3259 601 3301 ma
645 3235 774 3301 solo
834 3259 1027 3323 sapea
1074 3236 1190 3301 che
1237 3235 1304 3325 [il
1351 3259 1463 3301 suo
1510 3235 1600 3325 re]
1648 3236 1926 3302 Giovani
1974 3235 2176 3302 havea
2221 3236 2566 3302 deliberato
2612 3237 2916 3304 mandare

255 3365 295 3406 a
353 3342 486 3409 Sua
544 3343 791 3408 Santita
845 3342 890 3407 il
950 3343 1196 3409 Statilio
1254 3365 1527 3408 vescovo
1582 3343 1646 3407 di
1707 3342 2154 3408 Transilvania
2212 3354 2275 3409 et
2342 3343 2457 3409 che
2503 3346 2654 3430 puoi
2711 3344 2915 3409 havea

253 3458 494 3514 mutato
539 3472 655 3535 per
699 3448 967 3537 qualche
1013 3451 1202 3534 degni
1248 3451 1490 3537 rispetti
1522 3450 1591 3538 ¹).

430 3555 590 3621 Heri
646 3557 885 3621 ritorno
929 3580 970 3622 a
1014 3579 1115 3622 me
1173 3556 1217 3621 il
1262 3556 1548 3642 predetto
1606 3558 2005 3641 monsignore
2050 3556 2394 3622 Broderico
2451 3564 2515 3622 et
2573 3558 2664 3621 mi
2720 3558 2913 3643 prego
2935 3557 3077 3610 Juni
3115 3562 3150 3611 9

154 3672 235 3726 30
253 3660 810 3748 particularmente
855 3662 1083 3727 volessi
1131 3662 1486 3749 supplicare
1531 3685 1571 3726 a
1617 3662 1748 3728 Sua
1781 3663 2030 3728 Santita
2073 3662 2189 3728 che
2235 3665 2287 3727 si
2333 3662 2629 3748 dignasse
2674 3663 2807 3727 fare
2851 3662 2914 3727 la

254 3769 730 3835 confirmatione
761 3791 802 3833 a
830 3767 919 3833 lui
950 3768 1052 3834 del
1083 3777 1421 3834 vescovato
1446 3769 1813 3851 Vacciense,
1859 3769 1920 3835 al
1953 3769 2394 3856 Francapano,
2440 3770 2577 3834 cioe
2618 3768 2720 3834 all’
2753 3770 2912 3834 arci-

252 3898 524 3941 vescovo
586 3874 982 3959 Collocense,
1056 3875 1264 3963 quella
1323 3875 1441 3941 del’
1490 3876 1800 3962 Agriense
1857 3883 1920 3940 et
1964 3899 2004 3940 a
2061 3877 2461 3961 monsignore
2506 3875 2753 3941 Statilio
2811 3876 2915 3941 del

253 3981 807 4048 Transilvaniense
866 3990 930 4047 et
985 4006 1027 4048 a
1084 3984 1244 4048 frate
1305 3982 1583 4067 Georgio
1642 3981 2035 4047 thesaurario
2093 3981 2196 4047 del
2267 4005 2379 4047 suo
2437 4005 2506 4047 re
2559 3981 2767 4069 quella
2833 3982 2914 4047 de

251 4089 612 4171 Varadino,
670 4090 729 4155 le
783 4088 955 4176 quali
1015 4089 1477 4154 confirmationi
1535 4090 1700 4153 disse
1760 4088 1876 4153 che
1938 4089 2071 4154 Sua
2117 4090 2364 4154 Santita
2408 4087 2568 4153 altre
2613 4089 2781 4154 volte
2825 4088 2911 4175 gli

158 4204 235 4258 35
252 4196 336 4260 ha
378 4217 699 4281 promesso
756 4218 884 4260 non
931 4195 1061 4260 solo
1121 4195 1187 4259 di
1255 4195 1412 4260 farle
1457 4194 1828 4277 voluntieri,
1887 4218 1992 4261 ma
2037 4195 2115 4260 de
2160 4194 2316 4260 farle
2375 4197 2587 4281 gratis.
2679 4195 2914 4282 doppoi

251 4302 653 4368 trovandomi
700 4300 867 4391 [con]
914 4311 1136 4389 questa
1180 4303 1427 4367 Maesta
1472 4303 1557 4366 mi
1618 4302 1701 4366 ha
1759 4302 1915 4366 fatto
1963 4301 2024 4366 la
2085 4302 2430 4367 medesima
2495 4303 2793 4367 instantia
2851 4311 2914 4367 et

250 4417 512 4496 pregato
559 4408 771 4495 voglia
817 4407 1042 4498 [far]ne
1089 4408 1269 4474 caldo
1317 4408 1523 4474 officio
1571 4432 1689 4473 con
1737 4408 1870 4473 Sua
1914 4408 2334 4474 Beatitudine.
2399 4407 2778 4473 nondimeno
2823 4409 2911 4472 mi

249 4537 404 4604 pare
449 4524 663 4581 strano
711 4515 1007 4602 vogliano
1054 4515 1117 4581 la
1162 4516 1637 4581 confirmatione
1684 4514 1765 4580 de
1813 4516 2015 4602 questi
2074 4516 2398 4580 vescovati
2456 4514 2729 4580 dicendo
2797 4514 2913 4581 che

394 4746 440 4817 ²)
476 4746 531 4802 8.
568 4747 705 4803 oben
738 4762 856 4802 mr.
895 4749 987 4802 62.
1023 4750 1114 4803 84.
