3500 5300
1444 333 1545 389 Nc.
1588 335 1684 389 1¹⁸:
1724 336 1880 390 1536.
2893 333 2998 395 407

510 529 609 592 58.
702 527 896 605 Quod
960 531 1170 615 inique
1226 530 1424 614 laycis
1482 529 1802 615 judicibus
1863 530 2201 616 prebeatur
2260 533 2511 594 occasio
2571 531 2651 594 ab
2701 532 2999 594 ecclcsia-
3056 535 3196 586 1536

330 636 508 699 sticis
555 634 953 698 subditormn
1002 657 1257 699 suorum
1304 634 1563 721 petendi
1612 639 1996 701 missionem.

332 796 427 856 59.
496 793 692 869 Quod
749 793 994 877 judices
1059 795 1476 860 ecclesiastici
1516 818 1741 860 causas
1792 796 2029 881 aliquot
2077 796 2384 881 speciales
2442 798 2592 860 licet
2639 798 2853 881 laycos
2900 820 2999 860 re-

1406 905 1656 967 mittere
1703 902 1921 966 nolint.

274 1015 309 1067 5
508 1005 609 1069 Ex
656 1009 986 1092 premissis
1033 1009 1187 1071 satis
1235 1029 1626 1094 responsum.

328 1170 425 1229 60.
494 1165 597 1230 De
644 1166 785 1231 aliis
831 1167 1072 1231 illicitis
1122 1179 1183 1231 et
1232 1168 1560 1232 inutilibus
1607 1171 1901 1255 expensis
1949 1193 2278 1234 causarum
2328 1170 2821 1256 prophanarum,
2871 1192 2993 1253 quc

568 1272 649 1337 ad
701 1273 1167 1338 ecclesiasticos
1212 1273 1457 1357 judices
1504 1275 1840 1339 trahuntur
1885 1299 1958 1340 ac
2007 1276 2279 1362 denique
2327 1280 2748 1340 remittuntur.

502 1378 690 1444 ‚Iusta
722 1388 821 1443 est
850 1379 1101 1464 querela
1141 1388 1202 1442 et
1241 1381 1492 1444 abusuS.
1550 1384 1657 1466 qui
1694 1382 1776 1446 ad
1811 1383 2314 1447 ecclesiasticum
2359 1383 2634 1446 tribunal
2678 1383 2892 1468 laycos
2928 1384 2990 1445 in

325 1486 577 1551 casibus
625 1508 751 1549 non
797 1488 1121 1572 permissis
1156 1497 1391 1551 temere
1424 1487 1814 1573 pertrahunt,
1860 1488 2321 1553 condemnandi
2358 1489 2566 1552 forent
2600 1492 2660 1552 in
2697 1490 2990 1574 expensis

236 1600 306 1652 10
326 1601 391 1656 et
436 1590 520 1656 ad
565 1590 1085 1657 satisfaciendum
1133 1593 1575 1679 compellendi.
1670 1594 1900 1659 nedum
1963 1595 2232 1680 cogendi
2296 1595 2510 1679 laycos
2562 1603 2627 1657 ut
2678 1617 2988 1679 expensas

324 1698 713 1784 pertrahe-nti
759 1697 1045 1776 reddant,
1093 1699 1329 1763 abusus
1380 1712 1473 1765 est
1524 1710 1583 1764 et
1636 1687 1895 1764 omnino
1944 1701 2276 1765 tollendus.

322 1862 418 1923 61.
478 1858 818 1935 Quomodo
865 1881 1028 1922 nove
1073 1881 1186 1944 per
1230 1860 1595 1923 violentiam
1646 1863 2056 1924 instituantur
2105 1860 2490 1924 decimarum
2547 1862 2987 1945 prestationvs.

499 1965 747 2051 Injusta
796 1975 892 2029 est
939 1966 1211 2050 querela.
1273 1966 1439 2050 layci
1486 1967 1843 2051 spiritualia
1890 1967 2229 2052 possedere
2281 1990 2404 2030 non
2456 1977 2742 2052 possunt,
2791 1989 2985 2051 quare

322 2095 441 2138 nec
509 2072 932 2158 prescribere:
1005 2096 1058 2136 c.
1128 2095 1384 2137 causam
1453 2071 1534 2136 de
1618 2076 2026 2158 prescript1).
2133 2073 2277 2136 ideo
2346 2095 2747 2158 quocumque
2825 2083 2984 2135 tcm-

229 2185 298 2239 15
319 2201 472 2266 pore
520 2180 914 2242 cessaverint
971 2201 1007 2242 a
1067 2179 1383 2242 solutione
1443 2177 1858 2256 deeimarum,
1929 2180 2066 2244 illas
2139 2203 2263 2244 non
2335 2179 2767 2264 prescribunt,
2839 2202 2982 2241 cum

318 2288 588 2350 maxime
636 2285 797 2348 male
843 2285 989 2348 fidei
1048 2307 1378 2369 possessor
1433 2288 1887 2370 prescriptione
1944 2287 2150 2371 juvari
2216 2309 2338 2349 non
2401 2288 2631 2370 possit:
2697 2308 2749 2347 c.
2797 2287 2854 2347 fl.
2903 2283 2981 2347 de

318 2394 778 2478 prescriptione
807 2395 872 2469 ²).

314 2556 419 2619 62.
487 2553 637 2629 Quo
698 2561 888 2637 pacto
949 2551 1526 2616 ecclesiasticorum
1587 2551 1884 2617 offitiales
1947 2575 2018 2616 a(-
2082 2553 2329 2616 suffecti
2395 2561 2456 2615 et
2516 2553 2634 2637 ipsi
2688 2551 2847 2635 layci
2898 2549 2978 2613 ad

1001 2658 1575 2724 ecclesiasticorum
1627 2659 1903 2723 tribunal
1951 2660 2294 2724 trahantur.

221 2773 294 2827 20
492 2766 635 2830 Non
696 2777 795 2830 est
852 2764 1161 2829 absonum
1221 2765 1389 2850 quod
1440 2768 1859 2829 inservientes
1920 2789 1992 2829 ac
2057 2765 2433 2830 famulantes
2482 2765 2724 2828 clericis
2775 2765 2978 2828 eccle-

311 2876 637 2938 siasticum
684 2872 887 2935 forum
938 2873 1297 2949 sortiantur,
1344 2871 1598 2956 quando
1648 2872 1711 2936 id
1761 2874 1950 2936 etiam
1996 2872 2429 2957 imperialibus
2477 2871 2723 2952 legibus
2773 2869 2976 2934 indul-

311 2990 445 3043 ttun
495 2982 578 3042 sit
625 2987 691 3042 ut
741 2976 963 3041 eadem
995 3000 1139 3041 cum
1188 2978 1355 3041 heris
1404 2980 1535 3041 suis
1582 2978 1900 3059 gaudeant
1953 2980 2357 3043 inmunitate:
2408 2978 2443 3040 l.
2498 2991 2550 3043 1.
2593 2976 2665 3040 (Ἳ.
2717 2976 2797 3041 dc
2840 2979 2975 3062 epi-

311 3088 523 3173 scopis
572 3097 632 3149 et
680 3087 849 3149 cleri.
877 3086 944 3164 ³),
992 3085 1099 3150 ubi
1134 3084 1375 3148 Baldus
1424 3087 1758 3169 eggregius
1808 3096 1869 3148 et
1918 3085 2166 3148 subtilis
2217 3084 2423 3169 legum
2471 3084 2696 3147 doctor
2722 3086 2768 3163 ⁴)
2816 3082 2972 3146 dicit

310 3192 481 3278 quod
529 3192 856 3257 familiaris
917 3204 1259 3278 perpetuus
1308 3200 1684 3277 perpetuum
1732 3191 1924 3255 habet
1986 3191 2387 3276 privilegium
2452 3192 2613 3253 sicut
2660 3189 2972 3274 dominus,

218 3306 372 3363 ‘25et
420 3299 783 3385 temporalis
831 3298 1096 3363 durante
1145 3297 1601 3375 familiaritate,
1660 3306 1730 3360 ut
1788 3299 1856 3361 in
1902 3322 1953 3360 c.
2001 3321 2142 3361 cum
2191 3297 2358 3382 olym
2408 3296 2487 3359 de
2535 3296 2714 3373 arbi„
2759 3296 2972 3379 glossa.

309 3409 373 3470 in
421 3431 472 3469 c.
525 3417 578 3471 1.
635 3416 729 3472 11.
775 3430 834 3491 q.
889 3417 916 3470 1
951 3408 1017 3487 ⁶),
1064 3427 1186 3490 que
1233 3405 1415 3490 plura
1461 3404 1691 3487 allegat
1736 3402 1905 3468 idem
1955 3404 2425 3489 comprobant-ia
2457 3408 2526 3486 ⁸).

353 3592 451 3647 63.
523 3584 625 3648 De
666 3586 877 3649 causis
924 3584 1289 3668 iujuriarum
1333 3605 1459 3666 que
1508 3604 1721 3646 coram
1767 3582 2203 3646 ecclesiastico
2250 3581 2635 3645 ventilant-ur
2677 3578 2922 3664 juditio.

484 3691 644 3756 Cum
705 3692 931 3775 injuria
988 3689 1165 3754 facta
1224 3689 1451 3752 clerieo
1510 3712 1608 3753 res
1669 3697 2007 3753 censeatur
2052 3688 2516 3753 ecclesiastica:
2579 3710 2630 3750 c.
2676 3688 2968 3772 pervenit

304 3799 379 3863 cl.
427 3809 485 3864 2.
530 3798 611 3863 de
657 3799 827 3862 testi.
873 3819 1029 3880 coge
1058 3798 1122 3877 ⁷).
1172 3837 1274 3874 —,
1330 3807 1396 3859 et·
1449 3795 1876 3881 privillegium
1936 3798 2022 3858 sit
2065 3795 2434 3859 clericorum
2496 3802 2566 3857 ut
2622 3793 2835 3878 laycos
2883 3791 2967 3856 ad

213 3998 285 4052 30
443 4012 488 4061 a.)
518 4010 616 4052 aaa.
639 4012 662 4051 1
681 4009 777 4051 add.
805 4009 861 4050 do
888 4008 1159 4051 officialum·
1186 4010 1348 4057 auum,
1377 4007 1417 4048 εἰ
1437 4007 1541 4049 Isioi
1568 4006 1745 4055 fuerint.
1775 4007 2125 4059 procuratoribus
2153 4006 2407 4048 domesticis
2435 4007 2485 4047 ot
2503 4004 2696 4046 nubam·
2726 4016 2811 4047 non
2842 4003 2957 4045 idom

294 4081 410 4134 juris
437 4082 486 4123 ot
510 4081 623 4124 forte
649 4081 817 4122 abusus
845 4084 891 4121 et
918 4079 1231 4122 emendandus.

446 4172 485 4239 ¹)
521 4170 647 4226 In'b.
684 4170 875 4225 Htit.
912 4173 987 4224 26
1022 4186 1068 4224 c.
1108 4174 1159 4224 ¹7.

443 4259 485 4327 ')
521 4260 645 4315 Lib.
685 4260 761 4313 II
792 4260 879 4315 tit.
918 4263 996 4314 26
1032 4276 1075 4313 c.
1115 4262 1203 4314 20.

445 4348 1014 4417 ¹)0.1tit.31.1.

209 4440 281 4495 35
440 4436 484 4505 ⁴)
519 4435 573 4492 S.
613 4453 661 4492 o.
700 4435 754 4491 S.
793 4440 902 4492 365
938 4439 1103 4491 Ama.
1138 4440 1194 4490 8.

442 4524 483 4596 ⁸)
518 4526 643 4581 Lib.
679 4526 723 4580 I
753 4526 840 4581 tit.
878 4528 951 4579 43
984 4541 1029 4580 c.
1069 4529 1119 4580 ¹7.

442 4613 483 4687 ⁶)
520 4632 565 4671 c.
602 4618 635 4670 1
672 4613 729 4670 C.
771 4618 835 4668 11
870 4618 1008 4684 φα.
1083 4612 1277 4682 (Nemo
1314 4612 1595 4684 unquam).

445 4703 481 4777 τ)
518 4705 641 4760 Lib.
682 4705 755 4759 H
789 4705 868 4759 tit.
906 4706 973 4757 21
1011 4720 1054 4758 c.
1094 4707 1144 4759 4.
