<?xml version="1.0" encoding="UTF-8"?>
<!DOCTYPE html PUBLIC "-//W3C//DTD XHTML 1.0 Transitional//EN"
    "http://www.w3.org/TR/xhtml1/DTD/xhtml1-transitional.dtd">
<html xmlns="http://www.w3.org/1999/xhtml" xml:lang="en" lang="en">
 <head>
  <title>
</title>
<meta http-equiv="Content-Type" content="text/html;charset=utf-8" />
  <meta name='ocr-system' content='tesseract 3.04.00' />
  <meta name='ocr-capabilities' content='ocr_page ocr_carea ocr_par ocr_line ocrx_word'/>
</head>
<body>
  <div class='ocr_page' id='page_1' title='image "./nuntiaturberich02deugoog_0959.png"; bbox 0 0 3500 5300; ppageno 0'>
   <div class='ocr_carea' id='block_1_1' title="bbox 353 562 605 684">
    <p class='ocr_par' dir='ltr' id='par_1_1' title="bbox 353 562 605 684">
     <span class='ocr_line' id='line_1_1' title="bbox 410 562 551 612; baseline 0 0"><span class='ocrx_word' id='word_1_1' title='bbox 410 562 551 612; x_wconf 81' lang='lat'><strong><em>1538</em></strong></span> 
     </span>
     <span class='ocr_line' id='line_1_2' title="bbox 353 630 605 684; baseline 0 -1"><span class='ocrx_word' id='word_1_2' title='bbox 353 630 494 684; x_wconf 75' lang='lat' dir='ltr'><strong>Mrz.</strong></span> <span class='ocrx_word' id='word_1_3' title='bbox 536 633 605 683; x_wconf 88' lang='lat'><strong>15</strong></span> 
     </span>
    </p>
   </div>
   <div class='ocr_carea' id='block_1_2' title="bbox 351 1092 665 1152">
    <p class='ocr_par' dir='ltr' id='par_1_2' title="bbox 351 1092 665 1152">
     <span class='ocr_line' id='line_1_3' title="bbox 351 1092 665 1152; baseline 0.022 -7"><span class='ocrx_word' id='word_1_4' title='bbox 351 1092 494 1146; x_wconf 78' lang='lat' dir='ltr'><strong>Fbr.</strong></span> <span class='ocrx_word' id='word_1_5' title='bbox 535 1097 603 1146; x_wconf 83' lang='lat'><strong>17</strong></span> <span class='ocrx_word' id='word_1_6' title='bbox 653 1137 665 1152; x_wconf 87' lang='lat'><strong>.</strong></span> 
     </span>
    </p>
   </div>
   <div class='ocr_carea' id='block_1_3' title="bbox 344 4296 595 4351">
    <p class='ocr_par' dir='ltr' id='par_1_3' title="bbox 344 4296 595 4351">
     <span class='ocr_line' id='line_1_4' title="bbox 344 4296 595 4351; baseline -0.004 -1"><span class='ocrx_word' id='word_1_7' title='bbox 344 4296 485 4351; x_wconf 61' lang='grc' dir='ltr'><strong>ΜΝ..</strong></span> <span class='ocrx_word' id='word_1_8' title='bbox 529 4299 595 4350; x_wconf 86' lang='grc'>15</span> 
     </span>
    </p>
   </div>
   <div class='ocr_carea' id='block_1_4' title="bbox 618 358 2461 421">
    <p class='ocr_par' dir='ltr' id='par_1_4' title="bbox 618 358 2461 421">
     <span class='ocr_line' id='line_1_5' title="bbox 618 358 2461 421; baseline -0.003 -1"><span class='ocrx_word' id='word_1_9' title='bbox 618 358 729 421; x_wconf 74' lang='grc'><strong>262</strong></span> <span class='ocrx_word' id='word_1_10' title='bbox 1444 362 1543 416; x_wconf 88' lang='lat' dir='ltr'><strong>No.</strong></span> <span class='ocrx_word' id='word_1_11' title='bbox 1580 363 1819 416; x_wconf 79' lang='lat'>81—82:</span> <span class='ocrx_word' id='word_1_12' title='bbox 1859 362 1998 417; x_wconf 87' lang='lat'>1538</span> <span class='ocrx_word' id='word_1_13' title='bbox 2034 361 2179 415; x_wconf 67' lang='lat' dir='ltr'><strong>Mfirz</strong></span> <span class='ocrx_word' id='word_1_14' title='bbox 2219 361 2461 416; x_wconf 81' lang='lat'><strong>15.—23.</strong></span> 
     </span>
    </p>
   </div>
   <div class='ocr_carea' id='block_1_5' title="bbox 611 555 3466 4383">
    <p class='ocr_par' dir='ltr' id='par_1_5' title="bbox 611 555 3466 4383">
     <span class='ocr_line' id='line_1_6' title="bbox 622 555 3278 644; baseline -0.001 -23"><span class='ocrx_word' id='word_1_15' title='bbox 622 559 926 644; x_wconf 83' lang='lat' dir='ltr'><strong>impresa3</strong></span> <span class='ocrx_word' id='word_1_16' title='bbox 973 565 1034 621; x_wconf 90' lang='lat' dir='ltr'><strong>et</strong></span> <span class='ocrx_word' id='word_1_17' title='bbox 1080 580 1145 622; x_wconf 90' lang='lat' dir='ltr'><strong>se</strong></span> <span class='ocrx_word' id='word_1_18' title='bbox 1176 557 1309 622; x_wconf 90' lang='lat' dir='ltr'><strong>Sua</strong></span> <span class='ocrx_word' id='word_1_19' title='bbox 1339 556 1587 622; x_wconf 72' lang='lat' dir='ltr'><strong>Santita</strong></span> <span class='ocrx_word' id='word_1_20' title='bbox 1630 559 1818 643; x_wconf 74' lang='lat' dir='ltr'><strong>petra</strong></span> <span class='ocrx_word' id='word_1_21' title='bbox 1862 579 1900 621; x_wconf 96' lang='grc'>0</span> <span class='ocrx_word' id='word_1_22' title='bbox 1945 558 2136 621; x_wconf 70' lang='lat' dir='ltr'><strong>verra</strong></span> <span class='ocrx_word' id='word_1_23' title='bbox 2180 556 2467 620; x_wconf 83' lang='lat' dir='ltr'><strong>satisfare</strong></span> <span class='ocrx_word' id='word_1_24' title='bbox 2514 555 2574 619; x_wconf 92' lang='lat' dir='ltr'><strong>al</strong></span> <span class='ocrx_word' id='word_1_25' title='bbox 2605 555 2915 621; x_wconf 88' lang='lat' dir='ltr'><strong>desiderio</strong></span> <span class='ocrx_word' id='word_1_26' title='bbox 2961 556 3031 620; x_wconf 91' lang='lat' dir='ltr'><strong>di</strong></span> <span class='ocrx_word' id='word_1_27' title='bbox 3060 564 3278 643; x_wconf 83' lang='lat' dir='ltr'><strong>questa</strong></span> 
     </span>
     <span class='ocr_line' id='line_1_7' title="bbox 623 662 3276 749; baseline -0 -21"><span class='ocrx_word' id='word_1_28' title='bbox 623 665 885 747; x_wconf 74' lang='lat' dir='ltr'><strong>Maesta,</strong></span> <span class='ocrx_word' id='word_1_29' title='bbox 935 664 1010 729; x_wconf 88' lang='lat' dir='ltr'><strong>V.</strong></span> <span class='ocrx_word' id='word_1_30' title='bbox 1058 665 1118 729; x_wconf 85' lang='lat' dir='ltr'><strong>S.</strong></span> <span class='ocrx_word' id='word_1_31' title='bbox 1166 664 1294 727; x_wconf 62' lang='grc' dir='ltr'><strong>ΒΜ</strong></span> <span class='ocrx_word' id='word_1_32' title='bbox 1339 673 1399 728; x_wconf 86' lang='lat' dir='ltr'><strong>et</strong></span> <span class='ocrx_word' id='word_1_33' title='bbox 1445 663 1595 728; x_wconf 69' lang='lat' dir='ltr'>Illm·</span> <span class='ocrx_word' id='word_1_34' title='bbox 1641 666 1693 727; x_wconf 88' lang='lat' dir='ltr'><strong>si</strong></span> <span class='ocrx_word' id='word_1_35' title='bbox 1740 663 2026 749; x_wconf 73' lang='lat' dir='ltr'><strong>degnara</strong></span> <span class='ocrx_word' id='word_1_36' title='bbox 2071 662 2278 728; x_wconf 88' lang='lat' dir='ltr'><strong>subito</strong></span> <span class='ocrx_word' id='word_1_37' title='bbox 2338 665 2683 728; x_wconf 87' lang='lat' dir='ltr'><strong>rescrivere</strong></span> <span class='ocrx_word' id='word_1_38' title='bbox 2740 671 2805 727; x_wconf 87' lang='lat' dir='ltr'><strong>et</strong></span> <span class='ocrx_word' id='word_1_39' title='bbox 2861 665 3110 728; x_wconf 88' lang='lat' dir='ltr'><strong>avisare</strong></span> <span class='ocrx_word' id='word_1_40' title='bbox 3173 686 3276 727; x_wconf 87' lang='lat' dir='ltr'><strong>an·</strong></span> 
     </span>
     <span class='ocr_line' id='line_1_8' title="bbox 623 768 3277 858; baseline -0.001 -23"><span class='ocrx_word' id='word_1_41' title='bbox 623 771 818 837; x_wconf 85' lang='lat' dir='ltr'><strong>chora</strong></span> <span class='ocrx_word' id='word_1_42' title='bbox 862 770 964 836; x_wconf 92' lang='lat' dir='ltr'><strong>del</strong></span> <span class='ocrx_word' id='word_1_43' title='bbox 1032 770 1269 835; x_wconf 87' lang='lat' dir='ltr'><strong>denaro</strong></span> <span class='ocrx_word' id='word_1_44' title='bbox 1341 769 1457 835; x_wconf 92' lang='lat' dir='ltr'><strong>che</strong></span> <span class='ocrx_word' id='word_1_45' title='bbox 1514 769 1601 855; x_wconf 86' lang='lat' dir='ltr'><strong>gli</strong></span> <span class='ocrx_word' id='word_1_46' title='bbox 1664 770 1907 834; x_wconf 75' lang='lat' dir='ltr'><strong>andara</strong></span> <span class='ocrx_word' id='word_1_47' title='bbox 1963 792 2078 856; x_wconf 90' lang='lat' dir='ltr'><strong>per</strong></span> <span class='ocrx_word' id='word_1_48' title='bbox 2135 768 2222 834; x_wconf 83' lang='lat' dir='ltr'><strong>tal</strong></span> <span class='ocrx_word' id='word_1_49' title='bbox 2290 770 2626 852; x_wconf 82' lang='lat' dir='ltr'><strong>condutta,</strong></span> <span class='ocrx_word' id='word_1_50' title='bbox 2693 779 3108 858; x_wconf 79' lang='lat' dir='ltr'><strong>quantunque</strong></span> <span class='ocrx_word' id='word_1_51' title='bbox 3154 771 3277 837; x_wconf 86' lang='lat' dir='ltr'><strong>Sua</strong></span> 
     </span>
     <span class='ocr_line' id='line_1_9' title="bbox 618 874 3275 962; baseline -0.001 -19"><span class='ocrx_word' id='word_1_52' title='bbox 618 879 868 943; x_wconf 71' lang='lat' dir='ltr'><strong>Maesta</strong></span> <span class='ocrx_word' id='word_1_53' title='bbox 911 876 1189 941; x_wconf 87' lang='lat' dir='ltr'><strong>m’habbi</strong></span> <span class='ocrx_word' id='word_1_54' title='bbox 1237 876 1408 941; x_wconf 86' lang='lat' dir='ltr'><strong>detto</strong></span> <span class='ocrx_word' id='word_1_55' title='bbox 1455 876 1571 941; x_wconf 91' lang='lat' dir='ltr'><strong>che</strong></span> <span class='ocrx_word' id='word_1_56' title='bbox 1615 874 1885 962; x_wconf 86' lang='lat' dir='ltr'><strong>l&#39;agente</strong></span> <span class='ocrx_word' id='word_1_57' title='bbox 1931 898 2044 941; x_wconf 88' lang='lat' dir='ltr'><strong>suo</strong></span> <span class='ocrx_word' id='word_1_58' title='bbox 2092 878 2248 940; x_wconf 71' lang='lat' dir='ltr'><strong>costi</strong></span> <span class='ocrx_word' id='word_1_59' title='bbox 2296 876 2380 940; x_wconf 93' lang='lat' dir='ltr'><strong>ha</strong></span> <span class='ocrx_word' id='word_1_60' title='bbox 2425 879 2862 942; x_wconf 86' lang='lat' dir='ltr'><strong>commissione</strong></span> <span class='ocrx_word' id='word_1_61' title='bbox 2910 878 2974 941; x_wconf 90' lang='lat' dir='ltr'><strong>di</strong></span> <span class='ocrx_word' id='word_1_62' title='bbox 3022 885 3275 942; x_wconf 86' lang='lat' dir='ltr'><strong>trattare</strong></span> 
     </span>
     <span class='ocr_line' id='line_1_10' title="bbox 621 983 3346 1073; baseline -0.001 -23"><span class='ocrx_word' id='word_1_63' title='bbox 621 986 683 1050; x_wconf 89' lang='lat' dir='ltr'><strong>di</strong></span> <span class='ocrx_word' id='word_1_64' title='bbox 732 995 951 1073; x_wconf 88' lang='lat' dir='ltr'><strong>questo</strong></span> <span class='ocrx_word' id='word_1_65' title='bbox 1000 1008 1120 1049; x_wconf 90' lang='lat' dir='ltr'><strong>con</strong></span> <span class='ocrx_word' id='word_1_66' title='bbox 1167 985 1297 1049; x_wconf 86' lang='lat' dir='ltr'><strong>Sua</strong></span> <span class='ocrx_word' id='word_1_67' title='bbox 1345 985 1593 1048; x_wconf 71' lang='lat' dir='ltr'><strong>Santita</strong></span> <span class='ocrx_word' id='word_1_68' title='bbox 1639 1007 1675 1048; x_wconf 94' lang='grc'>0</span> <span class='ocrx_word' id='word_1_69' title='bbox 1722 1007 1842 1048; x_wconf 91' lang='lat' dir='ltr'><strong>con</strong></span> <span class='ocrx_word' id='word_1_70' title='bbox 1890 984 1990 1047; x_wconf 86' lang='lat' dir='ltr'><strong>chi</strong></span> <span class='ocrx_word' id='word_1_71' title='bbox 2038 986 2182 1047; x_wconf 70' lang='lat' dir='ltr'><strong>sara</strong></span> <span class='ocrx_word' id='word_1_72' title='bbox 2226 983 2284 1048; x_wconf 92' lang='lat' dir='ltr'><strong>el</strong></span> <span class='ocrx_word' id='word_1_73' title='bbox 2331 983 2612 1070; x_wconf 86' lang='lat' dir='ltr'><strong>bisogno.</strong></span> <span class='ocrx_word' id='word_1_74' title='bbox 3317 994 3346 1047; x_wconf 78' lang='lat'><strong>5</strong></span> 
     </span>
     <span class='ocr_line' id='line_1_11' title="bbox 794 1089 3274 1178; baseline -0.001 -22"><span class='ocrx_word' id='word_1_75' title='bbox 794 1092 919 1156; x_wconf 89' lang='lat' dir='ltr'><strong>Per</strong></span> <span class='ocrx_word' id='word_1_76' title='bbox 964 1092 1022 1155; x_wconf 92' lang='lat' dir='ltr'><strong>le</strong></span> <span class='ocrx_word' id='word_1_77' title='bbox 1053 1091 1456 1177; x_wconf 87' lang='lat' dir='ltr'><strong>soprascritte</strong></span> <span class='ocrx_word' id='word_1_78' title='bbox 1499 1089 1695 1173; x_wconf 88' lang='lat' dir='ltr'><strong>litere,</strong></span> <span class='ocrx_word' id='word_1_79' title='bbox 1743 1090 1933 1154; x_wconf 88' lang='lat' dir='ltr'><strong>credo</strong></span> <span class='ocrx_word' id='word_1_80' title='bbox 1965 1089 2045 1154; x_wconf 91' lang='lat' dir='ltr'><strong>de</strong></span> <span class='ocrx_word' id='word_1_81' title='bbox 2081 1101 2157 1157; x_wconf 82' lang='lat'><strong>17</strong></span> <span class='ocrx_word' id='word_1_82' title='bbox 2207 1090 2306 1154; x_wconf 91' lang='lat' dir='ltr'><strong>del</strong></span> <span class='ocrx_word' id='word_1_83' title='bbox 2340 1099 2615 1176; x_wconf 65' lang='lat' dir='ltr'><strong>passam,</strong></span> <span class='ocrx_word' id='word_1_84' title='bbox 2647 1099 2878 1156; x_wconf 76' lang='lat' dir='ltr'><strong>venute</strong></span> <span class='ocrx_word' id='word_1_85' title='bbox 2923 1091 2990 1155; x_wconf 86' lang='lat' dir='ltr'><strong>di</strong></span> <span class='ocrx_word' id='word_1_86' title='bbox 3024 1093 3274 1178; x_wconf 83' lang='lat' dir='ltr'><strong>Spagna</strong></span> 
     </span>
     <span class='ocr_line' id='line_1_12' title="bbox 620 1196 3272 1285; baseline -0.001 -21"><span class='ocrx_word' id='word_1_87' title='bbox 620 1202 751 1265; x_wconf 83' lang='lat' dir='ltr'><strong>Sua</strong></span> <span class='ocrx_word' id='word_1_88' title='bbox 795 1199 1043 1262; x_wconf 70' lang='lat' dir='ltr'><strong>Maesta</strong></span> <span class='ocrx_word' id='word_1_89' title='bbox 1087 1196 1171 1261; x_wconf 91' lang='lat' dir='ltr'><strong>ha</strong></span> <span class='ocrx_word' id='word_1_90' title='bbox 1216 1197 1455 1262; x_wconf 88' lang='lat' dir='ltr'><strong>havuto</strong></span> <span class='ocrx_word' id='word_1_91' title='bbox 1501 1196 1719 1262; x_wconf 84' lang='lat' dir='ltr'>ordine</span> <span class='ocrx_word' id='word_1_92' title='bbox 1767 1197 1832 1261; x_wconf 91' lang='lat' dir='ltr'><strong>di</strong></span> <span class='ocrx_word' id='word_1_93' title='bbox 1878 1219 2217 1284; x_wconf 88' lang='lat' dir='ltr'><strong>preparare</strong></span> <span class='ocrx_word' id='word_1_94' title='bbox 2266 1208 2349 1264; x_wconf 71' lang='lat'><strong>⁶20</strong></span> <span class='ocrx_word' id='word_1_95' title='bbox 2393 1196 2548 1261; x_wconf 87' lang='lat' dir='ltr'><strong>mila</strong></span> <span class='ocrx_word' id='word_1_96' title='bbox 2601 1196 3020 1278; x_wconf 86' lang='lat' dir='ltr'><strong>lanscinechi‚</strong></span> <span class='ocrx_word' id='word_1_97' title='bbox 3081 1221 3193 1285; x_wconf 89' lang='lat' dir='ltr'><strong>per</strong></span> <span class='ocrx_word' id='word_1_98' title='bbox 3233 1198 3272 1261; x_wconf 89' lang='lat' dir='ltr'><strong>li</strong></span> 
     </span>
     <span class='ocr_line' id='line_1_13' title="bbox 619 1303 3272 1394; baseline -0.001 -24"><span class='ocrx_word' id='word_1_99' title='bbox 619 1306 790 1394; x_wconf 90' lang='lat' dir='ltr'><strong>quali</strong></span> <span class='ocrx_word' id='word_1_100' title='bbox 835 1308 942 1391; x_wconf 74' lang='lat' dir='ltr'><strong>gia</strong></span> <span class='ocrx_word' id='word_1_101' title='bbox 988 1306 1040 1368; x_wconf 88' lang='lat' dir='ltr'><strong>si</strong></span> <span class='ocrx_word' id='word_1_102' title='bbox 1087 1306 1120 1366; x_wconf 77' lang='lat' dir='ltr'><strong>e</strong></span> <span class='ocrx_word' id='word_1_103' title='bbox 1169 1305 1317 1369; x_wconf 87' lang='lat' dir='ltr'><strong>dato</strong></span> <span class='ocrx_word' id='word_1_104' title='bbox 1365 1304 1603 1382; x_wconf 87' lang='lat' dir='ltr'><strong>ordine,</strong></span> <span class='ocrx_word' id='word_1_105' title='bbox 1649 1313 1712 1368; x_wconf 91' lang='lat' dir='ltr'><strong>et</strong></span> <span class='ocrx_word' id='word_1_106' title='bbox 1758 1303 1899 1368; x_wconf 90' lang='lat' dir='ltr'><strong>dico</strong></span> <span class='ocrx_word' id='word_1_107' title='bbox 1946 1303 2062 1368; x_wconf 89' lang='lat' dir='ltr'><strong>che</strong></span> <span class='ocrx_word' id='word_1_108' title='bbox 2107 1304 2168 1368; x_wconf 90' lang='lat' dir='ltr'><strong>la</strong></span> <span class='ocrx_word' id='word_1_109' title='bbox 2197 1304 2443 1368; x_wconf 70' lang='lat' dir='ltr'><strong>Maesta</strong></span> <span class='ocrx_word' id='word_1_110' title='bbox 2473 1303 2745 1368; x_wconf 80' lang='lat' dir='ltr'><strong>Cesarea</strong></span> <span class='ocrx_word' id='word_1_111' title='bbox 2791 1327 2900 1368; x_wconf 86' lang='lat' dir='ltr'><strong>era</strong></span> <span class='ocrx_word' id='word_1_112' title='bbox 2946 1304 3013 1368; x_wconf 93' lang='lat' dir='ltr'><strong>di</strong></span> <span class='ocrx_word' id='word_1_113' title='bbox 3058 1327 3272 1391; x_wconf 85' lang='lat' dir='ltr'><strong>parere</strong></span> 
     </span>
     <span class='ocr_line' id='line_1_14' title="bbox 618 1410 3272 1497; baseline -0.001 -19"><span class='ocrx_word' id='word_1_114' title='bbox 618 1411 732 1478; x_wconf 92' lang='lat' dir='ltr'><strong>che</strong></span> <span class='ocrx_word' id='word_1_115' title='bbox 780 1413 831 1475; x_wconf 90' lang='lat' dir='ltr'><strong>si</strong></span> <span class='ocrx_word' id='word_1_116' title='bbox 876 1410 1169 1497; x_wconf 85' lang='lat' dir='ltr'><strong>pigliasse</strong></span> <span class='ocrx_word' id='word_1_117' title='bbox 1216 1413 1353 1475; x_wconf 90' lang='lat' dir='ltr'><strong>sino</strong></span> <span class='ocrx_word' id='word_1_118' title='bbox 1408 1434 1446 1475; x_wconf 84' lang='lat' dir='ltr'><strong>a</strong></span> <span class='ocrx_word' id='word_1_119' title='bbox 1498 1423 1579 1478; x_wconf 87' lang='lat'><strong>10</strong></span> <span class='ocrx_word' id='word_1_120' title='bbox 1627 1410 1780 1476; x_wconf 89' lang='lat' dir='ltr'><strong>mila</strong></span> <span class='ocrx_word' id='word_1_121' title='bbox 1838 1420 1934 1476; x_wconf 89' lang='lat' dir='ltr'><strong>tra</strong></span> <span class='ocrx_word' id='word_1_122' title='bbox 1981 1411 2238 1477; x_wconf 86' lang='lat' dir='ltr'><strong>Grisoni</strong></span> <span class='ocrx_word' id='word_1_123' title='bbox 2297 1419 2360 1475; x_wconf 92' lang='lat' dir='ltr'><strong>et</strong></span> <span class='ocrx_word' id='word_1_124' title='bbox 2405 1411 2725 1496; x_wconf 78' lang='lat' dir='ltr'><strong>SguIzari,</strong></span> <span class='ocrx_word' id='word_1_125' title='bbox 2783 1419 2846 1476; x_wconf 85' lang='lat' dir='ltr'><strong>et</strong></span> <span class='ocrx_word' id='word_1_126' title='bbox 2905 1411 3106 1477; x_wconf 88' lang='lat' dir='ltr'><strong>anche</strong></span> <span class='ocrx_word' id='word_1_127' title='bbox 3164 1412 3272 1476; x_wconf 88' lang='lat' dir='ltr'><strong>che</strong></span> 
     </span>
     <span class='ocr_line' id='line_1_15' title="bbox 617 1517 3345 1605; baseline -0.001 -21"><span class='ocrx_word' id='word_1_128' title='bbox 617 1522 671 1584; x_wconf 91' lang='lat' dir='ltr'><strong>si</strong></span> <span class='ocrx_word' id='word_1_129' title='bbox 717 1519 952 1583; x_wconf 79' lang='lat' dir='ltr'><strong>facesse</strong></span> <span class='ocrx_word' id='word_1_130' title='bbox 1002 1531 1085 1584; x_wconf 78' lang='lat'><strong>10</strong></span> <span class='ocrx_word' id='word_1_131' title='bbox 1131 1518 1282 1583; x_wconf 85' lang='lat' dir='ltr'><strong>mila</strong></span> <span class='ocrx_word' id='word_1_132' title='bbox 1328 1519 1485 1583; x_wconf 86' lang='lat' dir='ltr'><strong>fanti</strong></span> <span class='ocrx_word' id='word_1_133' title='bbox 1532 1518 1599 1583; x_wconf 92' lang='lat' dir='ltr'><strong>di</strong></span> <span class='ocrx_word' id='word_1_134' title='bbox 1643 1520 1754 1605; x_wconf 71' lang='lat' dir='ltr'><strong>piu</strong></span> <span class='ocrx_word' id='word_1_135' title='bbox 1811 1518 1878 1582; x_wconf 92' lang='lat' dir='ltr'><strong>di</strong></span> <span class='ocrx_word' id='word_1_136' title='bbox 1938 1517 2144 1605; x_wconf 87' lang='lat' dir='ltr'><strong>quello</strong></span> <span class='ocrx_word' id='word_1_137' title='bbox 2204 1517 2321 1582; x_wconf 91' lang='lat' dir='ltr'><strong>che</strong></span> <span class='ocrx_word' id='word_1_138' title='bbox 2382 1520 2434 1582; x_wconf 92' lang='lat' dir='ltr'><strong>si</strong></span> <span class='ocrx_word' id='word_1_139' title='bbox 2493 1518 2876 1605; x_wconf 89' lang='lat' dir='ltr'><strong>comprende</strong></span> <span class='ocrx_word' id='word_1_140' title='bbox 2921 1519 3090 1583; x_wconf 90' lang='lat' dir='ltr'><strong>nella</strong></span> <span class='ocrx_word' id='word_1_141' title='bbox 3135 1519 3271 1604; x_wconf 82' lang='lat' dir='ltr'><strong>liga,</strong></span> <span class='ocrx_word' id='word_1_142' title='bbox 3295 1529 3345 1581; x_wconf 84' lang='lat'><strong>10</strong></span> 
     </span>
     <span class='ocr_line' id='line_1_16' title="bbox 617 1624 3274 1712; baseline -0.001 -21"><span class='ocrx_word' id='word_1_143' title='bbox 617 1627 753 1691; x_wconf 76' lang='lat' dir='ltr'><strong>cioe</strong></span> <span class='ocrx_word' id='word_1_144' title='bbox 813 1625 928 1689; x_wconf 91' lang='lat' dir='ltr'><strong>che</strong></span> <span class='ocrx_word' id='word_1_145' title='bbox 989 1627 1054 1689; x_wconf 89' lang='lat' dir='ltr'><strong>in</strong></span> <span class='ocrx_word' id='word_1_146' title='bbox 1110 1632 1271 1690; x_wconf 88' lang='lat' dir='ltr'><strong>tutto</strong></span> <span class='ocrx_word' id='word_1_147' title='bbox 1328 1625 1566 1690; x_wconf 87' lang='lat' dir='ltr'><strong>fussero</strong></span> <span class='ocrx_word' id='word_1_148' title='bbox 1629 1636 1713 1692; x_wconf 85' lang='lat'><strong>60</strong></span> <span class='ocrx_word' id='word_1_149' title='bbox 1783 1624 1936 1688; x_wconf 87' lang='lat' dir='ltr'><strong>mila</strong></span> <span class='ocrx_word' id='word_1_150' title='bbox 2003 1626 2190 1708; x_wconf 83' lang='lat' dir='ltr'><strong>fanti,</strong></span> <span class='ocrx_word' id='word_1_151' title='bbox 2258 1633 2322 1689; x_wconf 89' lang='lat' dir='ltr'><strong>et</strong></span> <span class='ocrx_word' id='word_1_152' title='bbox 2389 1624 2508 1690; x_wconf 92' lang='lat' dir='ltr'><strong>che</strong></span> <span class='ocrx_word' id='word_1_153' title='bbox 2573 1625 2637 1689; x_wconf 90' lang='lat' dir='ltr'><strong>la</strong></span> <span class='ocrx_word' id='word_1_154' title='bbox 2701 1625 2953 1712; x_wconf 88' lang='lat' dir='ltr'><strong>prefata</strong></span> <span class='ocrx_word' id='word_1_155' title='bbox 3009 1625 3274 1691; x_wconf 79' lang='lat' dir='ltr'><strong>Cesarea</strong></span> 
     </span>
     <span class='ocr_line' id='line_1_17' title="bbox 614 1730 3273 1819; baseline -0.001 -21"><span class='ocrx_word' id='word_1_156' title='bbox 614 1732 861 1798; x_wconf 71' lang='lat' dir='ltr'><strong>Maesta</strong></span> <span class='ocrx_word' id='word_1_157' title='bbox 906 1741 1081 1797; x_wconf 86' lang='lat' dir='ltr'><strong>tanto</strong></span> <span class='ocrx_word' id='word_1_158' title='bbox 1128 1734 1164 1795; x_wconf 74' lang='lat' dir='ltr'><strong>e</strong></span> <span class='ocrx_word' id='word_1_159' title='bbox 1211 1755 1435 1797; x_wconf 87' lang='lat' dir='ltr'><strong>accesa</strong></span> <span class='ocrx_word' id='word_1_160' title='bbox 1495 1756 1535 1796; x_wconf 88' lang='lat' dir='ltr'><strong>a</strong></span> <span class='ocrx_word' id='word_1_161' title='bbox 1579 1742 1802 1819; x_wconf 86' lang='lat' dir='ltr'><strong>questa</strong></span> <span class='ocrx_word' id='word_1_162' title='bbox 1857 1734 2132 1819; x_wconf 87' lang='lat' dir='ltr'><strong>impresa</strong></span> <span class='ocrx_word' id='word_1_163' title='bbox 2189 1730 2304 1796; x_wconf 91' lang='lat' dir='ltr'><strong>che</strong></span> <span class='ocrx_word' id='word_1_164' title='bbox 2363 1754 2563 1818; x_wconf 89' lang='lat' dir='ltr'><strong>pensa</strong></span> <span class='ocrx_word' id='word_1_165' title='bbox 2618 1755 2744 1797; x_wconf 91' lang='lat' dir='ltr'><strong>non</strong></span> <span class='ocrx_word' id='word_1_166' title='bbox 2805 1732 2938 1797; x_wconf 90' lang='lat' dir='ltr'><strong>solo</strong></span> <span class='ocrx_word' id='word_1_167' title='bbox 2998 1732 3273 1797; x_wconf 85' lang='lat' dir='ltr'><strong>satisfare</strong></span> 
     </span>
     <span class='ocr_line' id='line_1_18' title="bbox 617 1838 3272 1926; baseline -0 -22"><span class='ocrx_word' id='word_1_168' title='bbox 617 1865 656 1904; x_wconf 87' lang='lat' dir='ltr'><strong>a</strong></span> <span class='ocrx_word' id='word_1_169' title='bbox 700 1839 952 1925; x_wconf 85' lang='lat' dir='ltr'><strong>l&#39;obligo</strong></span> <span class='ocrx_word' id='word_1_170' title='bbox 998 1847 1311 1903; x_wconf 84' lang='lat' dir='ltr'><strong>contratto</strong></span> <span class='ocrx_word' id='word_1_171' title='bbox 1358 1839 1524 1903; x_wconf 90' lang='lat' dir='ltr'><strong>nella</strong></span> <span class='ocrx_word' id='word_1_172' title='bbox 1568 1838 1730 1924; x_wconf 84' lang='lat' dir='ltr'><strong>liga,</strong></span> <span class='ocrx_word' id='word_1_173' title='bbox 1778 1862 1883 1902; x_wconf 88' lang='lat' dir='ltr'><strong>ma</strong></span> <span class='ocrx_word' id='word_1_174' title='bbox 1928 1838 2207 1903; x_wconf 83' lang='lat' dir='ltr'>anchora</span> <span class='ocrx_word' id='word_1_175' title='bbox 2261 1839 2360 1902; x_wconf 88' lang='lat' dir='ltr'><strong>far</strong></span> <span class='ocrx_word' id='word_1_176' title='bbox 2404 1838 2468 1902; x_wconf 91' lang='lat' dir='ltr'><strong>di</strong></span> <span class='ocrx_word' id='word_1_177' title='bbox 2523 1840 2667 1926; x_wconf 74' lang='lat' dir='ltr'><strong>piu,</strong></span> <span class='ocrx_word' id='word_1_178' title='bbox 2728 1861 2905 1904; x_wconf 91' lang='lat' dir='ltr'><strong>come</strong></span> <span class='ocrx_word' id='word_1_179' title='bbox 2965 1838 3025 1902; x_wconf 92' lang='grc'>10</span> <span class='ocrx_word' id='word_1_180' title='bbox 3070 1839 3272 1903; x_wconf 85' lang='lat' dir='ltr'><strong>effetto</strong></span> 
     </span>
     <span class='ocr_line' id='line_1_19' title="bbox 615 1945 3272 2033; baseline -0.001 -21"><span class='ocrx_word' id='word_1_181' title='bbox 615 1948 1006 2026; x_wconf 74' lang='lat' dir='ltr'><strong>dimostrera,</strong></span> <span class='ocrx_word' id='word_1_182' title='bbox 1053 1955 1114 2010; x_wconf 91' lang='lat' dir='ltr'><strong>et</strong></span> <span class='ocrx_word' id='word_1_183' title='bbox 1159 1955 1334 2010; x_wconf 86' lang='lat' dir='ltr'><strong>tanto</strong></span> <span class='ocrx_word' id='word_1_184' title='bbox 1377 1948 1485 2033; x_wconf 70' lang='lat' dir='ltr'><strong>piu</strong></span> <span class='ocrx_word' id='word_1_185' title='bbox 1534 1948 1689 2028; x_wconf 70' lang='lat' dir='ltr'><strong>fara,</strong></span> <span class='ocrx_word' id='word_1_186' title='bbox 1737 1969 1803 2009; x_wconf 91' lang='lat' dir='ltr'><strong>se</strong></span> <span class='ocrx_word' id='word_1_187' title='bbox 1849 1969 1962 2032; x_wconf 91' lang='lat' dir='ltr'><strong>per</strong></span> <span class='ocrx_word' id='word_1_188' title='bbox 1992 1947 2121 2011; x_wconf 87' lang='lat' dir='ltr'><strong>Sua</strong></span> <span class='ocrx_word' id='word_1_189' title='bbox 2153 1945 2399 2010; x_wconf 72' lang='lat' dir='ltr'><strong>Santita</strong></span> <span class='ocrx_word' id='word_1_190' title='bbox 2429 1948 2573 2010; x_wconf 68' lang='lat' dir='ltr'><strong>sara</strong></span> <span class='ocrx_word' id='word_1_191' title='bbox 2618 1947 2893 2011; x_wconf 86' lang='lat' dir='ltr'><strong>sicurato</strong></span> <span class='ocrx_word' id='word_1_192' title='bbox 2923 1945 3090 2011; x_wconf 88' lang='lat' dir='ltr'><strong>della</strong></span> <span class='ocrx_word' id='word_1_193' title='bbox 3135 1946 3272 2010; x_wconf 87' lang='lat' dir='ltr'><strong>sede</strong></span> 
     </span>
     <span class='ocr_line' id='line_1_20' title="bbox 615 2052 3350 2140; baseline 0 -22"><span class='ocrx_word' id='word_1_194' title='bbox 615 2055 681 2119; x_wconf 85' lang='lat' dir='ltr'><strong>di</strong></span> <span class='ocrx_word' id='word_1_195' title='bbox 728 2054 981 2118; x_wconf 86' lang='lat' dir='ltr'><strong>Franza</strong></span> <span class='ocrx_word' id='word_1_196' title='bbox 1025 2055 1088 2118; x_wconf 89' lang='lat' dir='ltr'><strong>in</strong></span> <span class='ocrx_word' id='word_1_197' title='bbox 1136 2060 1370 2117; x_wconf 87' lang='lat' dir='ltr'><strong>eventu</strong></span> <span class='ocrx_word' id='word_1_198' title='bbox 1416 2053 1479 2116; x_wconf 88' lang='lat' dir='ltr'><strong>di</strong></span> <span class='ocrx_word' id='word_1_199' title='bbox 1527 2075 1683 2139; x_wconf 83' lang='lat' dir='ltr'><strong>pace</strong></span> <span class='ocrx_word' id='word_1_200' title='bbox 1731 2077 1768 2116; x_wconf 90' lang='grc'>0</span> <span class='ocrx_word' id='word_1_201' title='bbox 1816 2052 1878 2115; x_wconf 83' lang='grc' dir='ltr'><strong>(Ιί</strong></span> <span class='ocrx_word' id='word_1_202' title='bbox 1927 2060 2181 2138; x_wconf 84' lang='lat' dir='ltr'><strong>tregua,</strong></span> <span class='ocrx_word' id='word_1_203' title='bbox 2243 2075 2421 2117; x_wconf 85' lang='lat' dir='ltr'><strong>corne</strong></span> <span class='ocrx_word' id='word_1_204' title='bbox 2479 2052 2562 2117; x_wconf 91' lang='lat' dir='ltr'><strong>ha</strong></span> <span class='ocrx_word' id='word_1_205' title='bbox 2620 2053 2777 2118; x_wconf 83' lang='lat' dir='ltr'><strong>fatto</strong></span> <span class='ocrx_word' id='word_1_206' title='bbox 2837 2076 3106 2140; x_wconf 84' lang='lat' dir='ltr'><strong>pregare</strong></span> <span class='ocrx_word' id='word_1_207' title='bbox 3148 2054 3274 2118; x_wconf 77' lang='lat' dir='ltr'><strong>Sua</strong></span> <span class='ocrx_word' id='word_1_208' title='bbox 3297 2067 3350 2119; x_wconf 83' lang='lat'><strong>15</strong></span> 
     </span>
     <span class='ocr_line' id='line_1_21' title="bbox 614 2161 1034 2226; baseline -0.007 0"><span class='ocrx_word' id='word_1_209' title='bbox 614 2161 1034 2226; x_wconf 88' lang='lat' dir='ltr'><strong>Beatitudine.</strong></span> 
     </span>
     <span class='ocr_line' id='line_1_22' title="bbox 795 2265 3276 2354; baseline 0 -22"><span class='ocrx_word' id='word_1_210' title='bbox 795 2267 937 2332; x_wconf 88' lang='lat' dir='ltr'><strong>Non</strong></span> <span class='ocrx_word' id='word_1_211' title='bbox 984 2266 1245 2331; x_wconf 88' lang='lat' dir='ltr'><strong>essendo</strong></span> <span class='ocrx_word' id='word_1_212' title='bbox 1292 2265 1530 2331; x_wconf 85' lang='lat' dir='ltr'><strong>anchor</strong></span> <span class='ocrx_word' id='word_1_213' title='bbox 1574 2268 1791 2352; x_wconf 84' lang='lat' dir='ltr'><strong>gionto</strong></span> <span class='ocrx_word' id='word_1_214' title='bbox 1837 2266 2338 2332; x_wconf 84' lang='lat' dir='ltr'><strong>l’ambasciatore</strong></span> <span class='ocrx_word' id='word_1_215' title='bbox 2383 2267 2484 2332; x_wconf 92' lang='lat' dir='ltr'><strong>del</strong></span> <span class='ocrx_word' id='word_1_216' title='bbox 2537 2269 2918 2353; x_wconf 83' lang='lat' dir='ltr'><strong>imperatore</strong></span> <span class='ocrx_word' id='word_1_217' title='bbox 2963 2276 3027 2332; x_wconf 92' lang='lat' dir='ltr'><strong>et</strong></span> <span class='ocrx_word' id='word_1_218' title='bbox 3071 2267 3276 2354; x_wconf 88' lang='lat' dir='ltr'><strong>quello</strong></span> 
     </span>
     <span class='ocr_line' id='line_1_23' title="bbox 614 2373 3276 2460; baseline -0 -21"><span class='ocrx_word' id='word_1_219' title='bbox 614 2375 704 2439; x_wconf 85' lang='lat' dir='ltr'><strong>dil</strong></span> <span class='ocrx_word' id='word_1_220' title='bbox 749 2373 1097 2460; x_wconf 84' lang='lat' dir='ltr'><strong>Vayvoda,</strong></span> <span class='ocrx_word' id='word_1_221' title='bbox 1145 2374 1318 2460; x_wconf 91' lang='lat' dir='ltr'><strong>quali</strong></span> <span class='ocrx_word' id='word_1_222' title='bbox 1363 2373 1415 2437; x_wconf 89' lang='lat' dir='ltr'><strong>si</strong></span> <span class='ocrx_word' id='word_1_223' title='bbox 1463 2381 1787 2459; x_wconf 88' lang='lat' dir='ltr'><strong>espettano</strong></span> <span class='ocrx_word' id='word_1_224' title='bbox 1835 2374 1902 2437; x_wconf 88' lang='lat' dir='ltr'><strong>di</strong></span> <span class='ocrx_word' id='word_1_225' title='bbox 1951 2374 2305 2459; x_wconf 88' lang='lat' dir='ltr'><strong>Hongeria,</strong></span> <span class='ocrx_word' id='word_1_226' title='bbox 2353 2396 2480 2438; x_wconf 89' lang='lat' dir='ltr'><strong>non</strong></span> <span class='ocrx_word' id='word_1_227' title='bbox 2527 2375 2580 2437; x_wconf 92' lang='lat' dir='ltr'><strong>si</strong></span> <span class='ocrx_word' id='word_1_228' title='bbox 2623 2374 2752 2460; x_wconf 72' lang='lat' dir='ltr'><strong>pub</strong></span> <span class='ocrx_word' id='word_1_229' title='bbox 2811 2376 3087 2438; x_wconf 78' lang='lat' dir='ltr'><strong>scrivere</strong></span> <span class='ocrx_word' id='word_1_230' title='bbox 3145 2397 3276 2439; x_wconf 90' lang='lat' dir='ltr'><strong>cer-</strong></span> 
     </span>
     <span class='ocr_line' id='line_1_24' title="bbox 614 2478 3278 2568; baseline -0.001 -21"><span class='ocrx_word' id='word_1_231' title='bbox 614 2490 755 2547; x_wconf 86' lang='lat' dir='ltr'><strong>teza</strong></span> <span class='ocrx_word' id='word_1_232' title='bbox 800 2480 1027 2545; x_wconf 86' lang='lat' dir='ltr'><strong>alcuna</strong></span> <span class='ocrx_word' id='word_1_233' title='bbox 1072 2479 1239 2544; x_wconf 89' lang='lat' dir='ltr'><strong>della</strong></span> <span class='ocrx_word' id='word_1_234' title='bbox 1283 2503 1440 2566; x_wconf 80' lang='lat' dir='ltr'><strong>pace</strong></span> <span class='ocrx_word' id='word_1_235' title='bbox 1487 2503 1607 2545; x_wconf 90' lang='lat' dir='ltr'><strong>con</strong></span> <span class='ocrx_word' id='word_1_236' title='bbox 1653 2503 1790 2544; x_wconf 90' lang='lat' dir='ltr'><strong>esso</strong></span> <span class='ocrx_word' id='word_1_237' title='bbox 1824 2480 2177 2566; x_wconf 84' lang='lat' dir='ltr'><strong>Vayvoda3</strong></span> <span class='ocrx_word' id='word_1_238' title='bbox 2223 2503 2330 2544; x_wconf 90' lang='lat' dir='ltr'><strong>ma</strong></span> <span class='ocrx_word' id='word_1_239' title='bbox 2374 2503 2502 2545; x_wconf 90' lang='lat' dir='ltr'><strong>non</strong></span> <span class='ocrx_word' id='word_1_240' title='bbox 2548 2478 2630 2545; x_wconf 91' lang='lat' dir='ltr'><strong>ho</strong></span> <span class='ocrx_word' id='word_1_241' title='bbox 2676 2482 2806 2544; x_wconf 85' lang='lat' dir='ltr'><strong>mai</strong></span> <span class='ocrx_word' id='word_1_242' title='bbox 2847 2483 3010 2547; x_wconf 84' lang='lat' dir='ltr'><strong>visto</strong></span> <span class='ocrx_word' id='word_1_243' title='bbox 3058 2491 3278 2568; x_wconf 87' lang='lat' dir='ltr'><strong>questa</strong></span> 
     </span>
     <span class='ocr_line' id='line_1_25' title="bbox 613 2583 3466 2675; baseline -0.001 -21"><span class='ocrx_word' id='word_1_244' title='bbox 613 2589 862 2654; x_wconf 70' lang='lat' dir='ltr'><strong>Maesta</strong></span> <span class='ocrx_word' id='word_1_245' title='bbox 906 2595 1081 2654; x_wconf 87' lang='lat' dir='ltr'><strong>tanto</strong></span> <span class='ocrx_word' id='word_1_246' title='bbox 1127 2586 1411 2674; x_wconf 79' lang='lat' dir='ltr'><strong>disposta</strong></span> <span class='ocrx_word' id='word_1_247' title='bbox 1455 2610 1495 2651; x_wconf 89' lang='lat' dir='ltr'><strong>a</strong></span> <span class='ocrx_word' id='word_1_248' title='bbox 1540 2588 1700 2653; x_wconf 88' lang='lat' dir='ltr'><strong>ditta</strong></span> <span class='ocrx_word' id='word_1_249' title='bbox 1754 2609 1909 2674; x_wconf 87' lang='lat' dir='ltr'><strong>pace</strong></span> <span class='ocrx_word' id='word_1_250' title='bbox 1956 2609 2132 2653; x_wconf 88' lang='lat' dir='ltr'><strong>come</strong></span> <span class='ocrx_word' id='word_1_251' title='bbox 2190 2585 2251 2652; x_wconf 89' lang='lat' dir='ltr'><strong>al</strong></span> <span class='ocrx_word' id='word_1_252' title='bbox 2310 2594 2628 2674; x_wconf 85' lang='lat' dir='ltr'><strong>presente,</strong></span> <span class='ocrx_word' id='word_1_253' title='bbox 2687 2610 2805 2675; x_wconf 87' lang='lat' dir='ltr'><strong>per</strong></span> <span class='ocrx_word' id='word_1_254' title='bbox 2866 2586 2909 2653; x_wconf 89' lang='lat' dir='ltr'><strong>il</strong></span> <span class='ocrx_word' id='word_1_255' title='bbox 2967 2588 3275 2655; x_wconf 87' lang='lat' dir='ltr'><strong>desiderio</strong></span> <span class='ocrx_word' id='word_1_256' title='bbox 3293 2603 3352 2656; x_wconf 73' lang='lat'><strong>20</strong></span> <span class='ocrx_word' id='word_1_257' title='bbox 3464 2583 3466 2630; x_wconf 57' lang='lat'>¹</span> 
     </span>
     <span class='ocr_line' id='line_1_26' title="bbox 616 2650 3464 2781; baseline -0.001 -19"><span class='ocrx_word' id='word_1_258' title='bbox 616 2697 731 2762; x_wconf 92' lang='lat' dir='ltr'><strong>che</strong></span> <span class='ocrx_word' id='word_1_259' title='bbox 777 2695 861 2760; x_wconf 93' lang='lat' dir='ltr'><strong>ha</strong></span> <span class='ocrx_word' id='word_1_260' title='bbox 904 2696 970 2760; x_wconf 92' lang='lat' dir='ltr'><strong>di</strong></span> <span class='ocrx_word' id='word_1_261' title='bbox 1016 2693 1339 2759; x_wconf 82' lang='lat' dir='ltr'><strong>attendere</strong></span> <span class='ocrx_word' id='word_1_262' title='bbox 1387 2716 1506 2759; x_wconf 92' lang='lat' dir='ltr'><strong>con</strong></span> <span class='ocrx_word' id='word_1_263' title='bbox 1555 2702 1712 2760; x_wconf 87' lang='lat' dir='ltr'><strong>tutte</strong></span> <span class='ocrx_word' id='word_1_264' title='bbox 1757 2693 1816 2760; x_wconf 89' lang='lat' dir='ltr'><strong>le</strong></span> <span class='ocrx_word' id='word_1_265' title='bbox 1877 2695 2046 2759; x_wconf 87' lang='lat' dir='ltr'><strong>forze</strong></span> <span class='ocrx_word' id='word_1_266' title='bbox 2090 2718 2201 2761; x_wconf 92' lang='lat' dir='ltr'><strong>sue</strong></span> <span class='ocrx_word' id='word_1_267' title='bbox 2263 2695 2364 2759; x_wconf 87' lang='lat' dir='ltr'><strong>all&#39;</strong></span> <span class='ocrx_word' id='word_1_268' title='bbox 2412 2697 2687 2781; x_wconf 85' lang='lat' dir='ltr'><strong>impresa</strong></span> <span class='ocrx_word' id='word_1_269' title='bbox 2747 2695 2850 2760; x_wconf 89' lang='lat' dir='ltr'><strong>del</strong></span> <span class='ocrx_word' id='word_1_270' title='bbox 2895 2696 3120 2761; x_wconf 88' lang='lat' dir='ltr'><strong>Turco.</strong></span> <span class='ocrx_word' id='word_1_271' title='bbox 3217 2706 3276 2761; x_wconf 85' lang='lat' dir='ltr'><strong>et</strong></span> <span class='ocrx_word' id='word_1_272' title='bbox 3459 2650 3464 2727; x_wconf 59' lang='grc'>1</span> 
     </span>
     <span class='ocr_line' id='line_1_27' title="bbox 614 2788 3462 2891; baseline -0 -23"><span class='ocrx_word' id='word_1_273' title='bbox 614 2806 668 2869; x_wconf 86' lang='lat' dir='ltr'><strong>si</strong></span> <span class='ocrx_word' id='word_1_274' title='bbox 714 2802 797 2867; x_wconf 92' lang='lat' dir='ltr'><strong>ha</strong></span> <span class='ocrx_word' id='word_1_275' title='bbox 843 2800 1107 2889; x_wconf 83' lang='lat' dir='ltr'><strong>qualche</strong></span> <span class='ocrx_word' id='word_1_276' title='bbox 1153 2803 1389 2865; x_wconf 81' lang='lat' dir='ltr'><strong>noticia</strong></span> <span class='ocrx_word' id='word_1_277' title='bbox 1436 2801 1531 2865; x_wconf 89' lang='lat' dir='ltr'><strong>ch’</strong></span> <span class='ocrx_word' id='word_1_278' title='bbox 1578 2800 1620 2864; x_wconf 91' lang='lat' dir='ltr'><strong>il</strong></span> <span class='ocrx_word' id='word_1_279' title='bbox 1668 2801 1840 2866; x_wconf 80' lang='lat' dir='ltr'><strong>detto</strong></span> <span class='ocrx_word' id='word_1_280' title='bbox 1889 2801 2309 2867; x_wconf 87' lang='lat' dir='ltr'><strong>ambasciator</strong></span> <span class='ocrx_word' id='word_1_281' title='bbox 2354 2801 2656 2884; x_wconf 82' lang='lat' dir='ltr'><strong>CesareO,</strong></span> <span class='ocrx_word' id='word_1_282' title='bbox 2710 2803 2861 2890; x_wconf 89' lang='lat' dir='ltr'><strong>qual</strong></span> <span class='ocrx_word' id='word_1_283' title='bbox 2903 2803 2992 2867; x_wconf 88' lang='lat' dir='ltr'><strong>fin</strong></span> <span class='ocrx_word' id='word_1_284' title='bbox 3041 2806 3148 2891; x_wconf 80' lang='lat' dir='ltr'><strong>qui</strong></span> <span class='ocrx_word' id='word_1_285' title='bbox 3197 2803 3276 2867; x_wconf 81' lang='lat' dir='ltr'><strong>ba</strong></span> <span class='ocrx_word' id='word_1_286' title='bbox 3461 2788 3462 2823; x_wconf 46' lang='lat'><em>*</em></span> 
     </span>
     <span class='ocr_line' id='line_1_28' title="bbox 614 2907 3273 2998; baseline -0.001 -22"><span class='ocrx_word' id='word_1_287' title='bbox 614 2918 873 2976; x_wconf 84' lang='lat' dir='ltr'><strong>trattato</strong></span> <span class='ocrx_word' id='word_1_288' title='bbox 920 2909 983 2973; x_wconf 88' lang='lat' dir='ltr'><strong>la</strong></span> <span class='ocrx_word' id='word_1_289' title='bbox 1028 2907 1367 2973; x_wconf 86' lang='lat' dir='ltr'><strong>concordia</strong></span> <span class='ocrx_word' id='word_1_290' title='bbox 1412 2917 1513 2972; x_wconf 87' lang='lat' dir='ltr'><strong>tra</strong></span> <span class='ocrx_word' id='word_1_291' title='bbox 1557 2910 1760 2995; x_wconf 87' lang='lat' dir='ltr'><strong>questi</strong></span> <span class='ocrx_word' id='word_1_292' title='bbox 1808 2907 1918 2973; x_wconf 91' lang='lat' dir='ltr'><strong>dui</strong></span> <span class='ocrx_word' id='word_1_293' title='bbox 1962 2910 2233 2995; x_wconf 82' lang='lat' dir='ltr'><strong>principi</strong></span> <span class='ocrx_word' id='word_1_294' title='bbox 2278 2917 2343 2973; x_wconf 87' lang='lat' dir='ltr'><strong>et</strong></span> <span class='ocrx_word' id='word_1_295' title='bbox 2397 2908 2584 2996; x_wconf 90' lang='lat' dir='ltr'><strong>quale</strong></span> <span class='ocrx_word' id='word_1_296' title='bbox 2629 2909 2834 2975; x_wconf 88' lang='lat' dir='ltr'><strong>havea</strong></span> <span class='ocrx_word' id='word_1_297' title='bbox 2890 2910 3273 2998; x_wconf 85' lang='lat' dir='ltr'><strong>amplissimo</strong></span> 
     </span>
     <span class='ocr_line' id='line_1_29' title="bbox 614 3014 3272 3104; baseline 0 -23"><span class='ocrx_word' id='word_1_298' title='bbox 614 3015 914 3081; x_wconf 88' lang='lat' dir='ltr'><strong>mandato</strong></span> <span class='ocrx_word' id='word_1_299' title='bbox 948 3015 1031 3078; x_wconf 90' lang='lat' dir='ltr'><strong>da</strong></span> <span class='ocrx_word' id='word_1_300' title='bbox 1062 3023 1282 3103; x_wconf 89' lang='lat' dir='ltr'><strong>questa</strong></span> <span class='ocrx_word' id='word_1_301' title='bbox 1308 3015 1566 3098; x_wconf 78' lang='lat' dir='ltr'><strong>Maesta,</strong></span> <span class='ocrx_word' id='word_1_302' title='bbox 1599 3014 1789 3081; x_wconf 87' lang='lat' dir='ltr'><strong>debia</strong></span> <span class='ocrx_word' id='word_1_303' title='bbox 1818 3015 2053 3081; x_wconf 84' lang='lat' dir='ltr'><strong>havere</strong></span> <span class='ocrx_word' id='word_1_304' title='bbox 2087 3017 2380 3081; x_wconf 88' lang='lat' dir='ltr'><strong>concluso</strong></span> <span class='ocrx_word' id='word_1_305' title='bbox 2411 3039 2541 3080; x_wconf 86' lang='lat' dir='ltr'><strong>una</strong></span> <span class='ocrx_word' id='word_1_306' title='bbox 2572 3025 2797 3102; x_wconf 82' lang='lat' dir='ltr'><strong>tregua</strong></span> <span class='ocrx_word' id='word_1_307' title='bbox 2825 3040 2941 3104; x_wconf 93' lang='lat' dir='ltr'><strong>per</strong></span> <span class='ocrx_word' id='word_1_308' title='bbox 2971 3041 3056 3082; x_wconf 91' lang='lat' dir='ltr'><strong>un</strong></span> <span class='ocrx_word' id='word_1_309' title='bbox 3088 3041 3272 3082; x_wconf 88' lang='lat' dir='ltr'><strong>anno.</strong></span> 
     </span>
     <span class='ocr_line' id='line_1_30' title="bbox 616 3121 3454 3209; baseline 0.001 -23"><span class='ocrx_word' id='word_1_310' title='bbox 616 3123 1000 3187; x_wconf 87' lang='lat' dir='ltr'><strong>nondimeno</strong></span> <span class='ocrx_word' id='word_1_311' title='bbox 1048 3124 1181 3187; x_wconf 85' lang='lat' dir='ltr'><strong>Sua</strong></span> <span class='ocrx_word' id='word_1_312' title='bbox 1226 3123 1474 3186; x_wconf 70' lang='lat' dir='ltr'><strong>Maesta</strong></span> <span class='ocrx_word' id='word_1_313' title='bbox 1518 3124 1605 3185; x_wconf 88' lang='lat' dir='ltr'><strong>mi</strong></span> <span class='ocrx_word' id='word_1_314' title='bbox 1652 3123 1735 3186; x_wconf 86' lang='lat' dir='ltr'><strong>ha</strong></span> <span class='ocrx_word' id='word_1_315' title='bbox 1781 3122 1951 3187; x_wconf 88' lang='lat' dir='ltr'><strong>detto</strong></span> <span class='ocrx_word' id='word_1_316' title='bbox 2002 3145 2127 3187; x_wconf 90' lang='lat' dir='ltr'><strong>non</strong></span> <span class='ocrx_word' id='word_1_317' title='bbox 2174 3121 2452 3188; x_wconf 88' lang='lat' dir='ltr'><strong>haverue</strong></span> <span class='ocrx_word' id='word_1_318' title='bbox 2497 3132 2746 3188; x_wconf 87' lang='lat' dir='ltr'><strong>certeza</strong></span> <span class='ocrx_word' id='word_1_319' title='bbox 2790 3123 3019 3188; x_wconf 87' lang='lat' dir='ltr'><strong>alcuna</strong></span> <span class='ocrx_word' id='word_1_320' title='bbox 3052 3128 3118 3209; x_wconf 90' lang='lat'><strong>¹).</strong></span> <span class='ocrx_word' id='word_1_321' title='bbox 3287 3138 3340 3190; x_wconf 77' lang='lat'><strong>25</strong></span> <span class='ocrx_word' id='word_1_322' title='bbox 3452 3138 3454 3207; x_wconf 48' lang='lat'>1</span> 
     </span>
     <span class='ocr_line' id='line_1_31' title="bbox 792 3228 3452 3315; baseline 0.001 -22"><span class='ocrx_word' id='word_1_323' title='bbox 792 3231 1039 3294; x_wconf 87' lang='lat' dir='ltr'><strong>Mentre</strong></span> <span class='ocrx_word' id='word_1_324' title='bbox 1088 3252 1241 3294; x_wconf 85' lang='lat' dir='ltr'><strong>sono</strong></span> <span class='ocrx_word' id='word_1_325' title='bbox 1288 3230 1559 3294; x_wconf 85' lang='lat' dir='ltr'><strong>sforzato</strong></span> <span class='ocrx_word' id='word_1_326' title='bbox 1619 3252 1822 3293; x_wconf 83' lang='lat' dir='ltr'><strong>essere</strong></span> <span class='ocrx_word' id='word_1_327' title='bbox 1880 3230 2120 3293; x_wconf 88' lang='lat' dir='ltr'><strong>solicito</strong></span> <span class='ocrx_word' id='word_1_328' title='bbox 2183 3252 2296 3315; x_wconf 88' lang='lat' dir='ltr'><strong>per</strong></span> <span class='ocrx_word' id='word_1_329' title='bbox 2353 3228 2398 3293; x_wconf 90' lang='lat' dir='ltr'><strong>il</strong></span> <span class='ocrx_word' id='word_1_330' title='bbox 2456 3232 2695 3295; x_wconf 88' lang='lat' dir='ltr'><strong>ritorno</strong></span> <span class='ocrx_word' id='word_1_331' title='bbox 2757 3233 2883 3295; x_wconf 89' lang='lat' dir='ltr'><strong>mio</strong></span> <span class='ocrx_word' id='word_1_332' title='bbox 2939 3233 3007 3296; x_wconf 89' lang='lat' dir='ltr'><strong>in</strong></span> <span class='ocrx_word' id='word_1_333' title='bbox 3065 3231 3266 3313; x_wconf 83' lang='lat' dir='ltr'><strong>Italia,</strong></span> <span class='ocrx_word' id='word_1_334' title='bbox 3449 3228 3452 3309; x_wconf 55' lang='grc'>1</span> 
     </span>
     <span class='ocr_line' id='line_1_32' title="bbox 613 3335 3268 3419; baseline 0.001 -18"><span class='ocrx_word' id='word_1_335' title='bbox 613 3337 917 3401; x_wconf 76' lang='lat' dir='ltr'><strong>divenerb</strong></span> <span class='ocrx_word' id='word_1_336' title='bbox 964 3338 1111 3401; x_wconf 85' lang='lat' dir='ltr'><strong>forsi</strong></span> <span class='ocrx_word' id='word_1_337' title='bbox 1158 3336 1418 3400; x_wconf 87' lang='lat' dir='ltr'><strong>molesto</strong></span> <span class='ocrx_word' id='word_1_338' title='bbox 1467 3359 1591 3399; x_wconf 92' lang='lat' dir='ltr'><strong>non</strong></span> <span class='ocrx_word' id='word_1_339' title='bbox 1640 3335 1771 3401; x_wconf 86' lang='lat' dir='ltr'><strong>solo</strong></span> <span class='ocrx_word' id='word_1_340' title='bbox 1820 3359 1859 3400; x_wconf 86' lang='lat' dir='ltr'><strong>a</strong></span> <span class='ocrx_word' id='word_1_341' title='bbox 1904 3336 1984 3401; x_wconf 91' lang='lat' dir='ltr'><strong>V.</strong></span> <span class='ocrx_word' id='word_1_342' title='bbox 2035 3336 2096 3401; x_wconf 86' lang='lat' dir='ltr'><strong>S.</strong></span> <span class='ocrx_word' id='word_1_343' title='bbox 2143 3336 2303 3419; x_wconf 67' lang='lat' dir='ltr'><strong>Bm,</strong></span> <span class='ocrx_word' id='word_1_344' title='bbox 2351 3360 2456 3401; x_wconf 88' lang='lat' dir='ltr'><strong>ma</strong></span> <span class='ocrx_word' id='word_1_345' title='bbox 2500 3337 2701 3403; x_wconf 89' lang='lat' dir='ltr'><strong>anche</strong></span> <span class='ocrx_word' id='word_1_346' title='bbox 2745 3362 2784 3402; x_wconf 89' lang='lat' dir='ltr'><strong>a</strong></span> <span class='ocrx_word' id='word_1_347' title='bbox 2831 3338 2962 3403; x_wconf 87' lang='lat' dir='ltr'><strong>Sua</strong></span> <span class='ocrx_word' id='word_1_348' title='bbox 3007 3342 3268 3405; x_wconf 60' lang='lat' dir='ltr'><strong>Santita</strong></span> 
     </span>
     <span class='ocr_line' id='line_1_33' title="bbox 612 3442 3269 3533; baseline 0.002 -27"><span class='ocrx_word' id='word_1_349' title='bbox 612 3466 720 3507; x_wconf 89' lang='lat' dir='ltr'><strong>ma</strong></span> <span class='ocrx_word' id='word_1_350' title='bbox 767 3442 848 3506; x_wconf 90' lang='lat' dir='ltr'><strong>da</strong></span> <span class='ocrx_word' id='word_1_351' title='bbox 895 3444 1004 3529; x_wconf 90' lang='lat' dir='ltr'><strong>qui</strong></span> <span class='ocrx_word' id='word_1_352' title='bbox 1051 3444 1183 3507; x_wconf 86' lang='lat' dir='ltr'><strong>Sua</strong></span> <span class='ocrx_word' id='word_1_353' title='bbox 1214 3442 1615 3507; x_wconf 87' lang='lat' dir='ltr'><strong>Beatitudine</strong></span> <span class='ocrx_word' id='word_1_354' title='bbox 1661 3451 1723 3507; x_wconf 91' lang='lat' dir='ltr'><strong>et</strong></span> <span class='ocrx_word' id='word_1_355' title='bbox 1769 3443 1979 3530; x_wconf 87' lang='lat' dir='ltr'><strong>quella</strong></span> <span class='ocrx_word' id='word_1_356' title='bbox 2007 3445 2193 3529; x_wconf 72' lang='lat' dir='ltr'><strong>petra</strong></span> <span class='ocrx_word' id='word_1_357' title='bbox 2238 3466 2574 3510; x_wconf 90' lang='lat' dir='ltr'><strong>conoscere</strong></span> <span class='ocrx_word' id='word_1_358' title='bbox 2605 3453 2841 3532; x_wconf 85' lang='lat' dir='ltr'><strong>quanto</strong></span> <span class='ocrx_word' id='word_1_359' title='bbox 2886 3448 2982 3510; x_wconf 88' lang='lat' dir='ltr'><strong>sia</strong></span> <span class='ocrx_word' id='word_1_360' title='bbox 3011 3456 3269 3533; x_wconf 84' lang='lat' dir='ltr'><strong>urgente</strong></span> 
     </span>
     <span class='ocr_line' id='line_1_34' title="bbox 611 3548 3267 3640; baseline 0.001 -26"><span class='ocrx_word' id='word_1_361' title='bbox 611 3549 657 3614; x_wconf 93' lang='lat' dir='ltr'><strong>il</strong></span> <span class='ocrx_word' id='word_1_362' title='bbox 702 3549 951 3614; x_wconf 89' lang='lat' dir='ltr'><strong>stimulo</strong></span> <span class='ocrx_word' id='word_1_363' title='bbox 997 3557 1062 3614; x_wconf 87' lang='lat' dir='ltr'><strong>et</strong></span> <span class='ocrx_word' id='word_1_364' title='bbox 1103 3549 1165 3614; x_wconf 90' lang='lat' dir='ltr'><strong>la</strong></span> <span class='ocrx_word' id='word_1_365' title='bbox 1212 3550 1518 3615; x_wconf 71' lang='lat' dir='ltr'><strong>necessita</strong></span> <span class='ocrx_word' id='word_1_366' title='bbox 1563 3548 1679 3615; x_wconf 91' lang='lat' dir='ltr'><strong>che</strong></span> <span class='ocrx_word' id='word_1_367' title='bbox 1724 3552 1814 3613; x_wconf 90' lang='lat' dir='ltr'><strong>mi</strong></span> <span class='ocrx_word' id='word_1_368' title='bbox 1858 3551 2091 3632; x_wconf 87' lang='lat' dir='ltr'><strong>sforza,</strong></span> <span class='ocrx_word' id='word_1_369' title='bbox 2139 3549 2254 3616; x_wconf 91' lang='lat' dir='ltr'><strong>che</strong></span> <span class='ocrx_word' id='word_1_370' title='bbox 2299 3574 2428 3615; x_wconf 91' lang='lat' dir='ltr'><strong>non</strong></span> <span class='ocrx_word' id='word_1_371' title='bbox 2474 3550 2762 3617; x_wconf 83' lang='lat' dir='ltr'><strong>obstante</strong></span> <span class='ocrx_word' id='word_1_372' title='bbox 2811 3560 3032 3640; x_wconf 84' lang='lat' dir='ltr'><strong>questo</strong></span> <span class='ocrx_word' id='word_1_373' title='bbox 3077 3553 3267 3619; x_wconf 87' lang='lat' dir='ltr'><strong>dubio</strong></span> 
     </span>
     <span class='ocr_line' id='line_1_35' title="bbox 611 3657 3334 3747; baseline 0.001 -26"><span class='ocrx_word' id='word_1_374' title='bbox 611 3666 833 3722; x_wconf 85' lang='lat' dir='ltr'><strong>contra</strong></span> <span class='ocrx_word' id='word_1_375' title='bbox 888 3658 1017 3720; x_wconf 87' lang='lat' dir='ltr'><strong>mia</strong></span> <span class='ocrx_word' id='word_1_376' title='bbox 1075 3666 1305 3721; x_wconf 87' lang='lat' dir='ltr'><strong>natura</strong></span> <span class='ocrx_word' id='word_1_377' title='bbox 1362 3664 1425 3719; x_wconf 91' lang='lat' dir='ltr'><strong>et</strong></span> <span class='ocrx_word' id='word_1_378' title='bbox 1479 3665 1699 3722; x_wconf 87' lang='lat' dir='ltr'><strong>contra</strong></span> <span class='ocrx_word' id='word_1_379' title='bbox 1769 3658 1896 3721; x_wconf 88' lang='lat' dir='ltr'><strong>mia</strong></span> <span class='ocrx_word' id='word_1_380' title='bbox 1964 3657 2228 3722; x_wconf 73' lang='lat' dir='ltr'><strong>volunta</strong></span> <span class='ocrx_word' id='word_1_381' title='bbox 2295 3681 2448 3723; x_wconf 90' lang='lat' dir='ltr'><strong>sono</strong></span> <span class='ocrx_word' id='word_1_382' title='bbox 2515 3667 2775 3724; x_wconf 76' lang='lat' dir='ltr'><strong>astretto</strong></span> <span class='ocrx_word' id='word_1_383' title='bbox 2843 3661 3334 3747; x_wconf 70' lang='lat' dir='ltr'><strong>importunamssss</strong></span> 
     </span>
     <span class='ocr_line' id='line_1_36' title="bbox 612 3762 3266 3853; baseline 0.001 -25"><span class='ocrx_word' id='word_1_384' title='bbox 612 3764 689 3828; x_wconf 92' lang='lat' dir='ltr'><strong>V.</strong></span> <span class='ocrx_word' id='word_1_385' title='bbox 738 3764 797 3830; x_wconf 89' lang='lat' dir='ltr'><strong>S.</strong></span> <span class='ocrx_word' id='word_1_386' title='bbox 846 3765 974 3829; x_wconf 71' lang='lat' dir='ltr'><strong>Bm</strong></span> <span class='ocrx_word' id='word_1_387' title='bbox 1020 3787 1134 3851; x_wconf 87' lang='lat' dir='ltr'><strong>per</strong></span> <span class='ocrx_word' id='word_1_388' title='bbox 1179 3763 1265 3828; x_wconf 89' lang='lat' dir='ltr'><strong>tal</strong></span> <span class='ocrx_word' id='word_1_389' title='bbox 1315 3786 1526 3828; x_wconf 87' lang='lat' dir='ltr'><strong>causa.</strong></span> <span class='ocrx_word' id='word_1_390' title='bbox 1616 3764 1770 3850; x_wconf 68' lang='lat' dir='ltr'><strong>pere</strong></span> <span class='ocrx_word' id='word_1_391' title='bbox 1817 3762 2227 3829; x_wconf 86' lang='lat' dir='ltr'><strong>humilmente</strong></span> <span class='ocrx_word' id='word_1_392' title='bbox 2272 3763 2335 3828; x_wconf 89' lang='lat' dir='ltr'><strong>la</strong></span> <span class='ocrx_word' id='word_1_393' title='bbox 2380 3764 2665 3853; x_wconf 88' lang='lat' dir='ltr'><strong>supplico</strong></span> <span class='ocrx_word' id='word_1_394' title='bbox 2725 3767 2777 3830; x_wconf 87' lang='lat' dir='ltr'><strong>si</strong></span> <span class='ocrx_word' id='word_1_395' title='bbox 2837 3765 3032 3852; x_wconf 86' lang='lat' dir='ltr'><strong>degni</strong></span> <span class='ocrx_word' id='word_1_396' title='bbox 3087 3768 3266 3832; x_wconf 85' lang='lat' dir='ltr'><strong>farmi</strong></span> 
     </span>
     <span class='ocr_line' id='line_1_37' title="bbox 614 3869 3264 3962; baseline 0.002 -27"><span class='ocrx_word' id='word_1_397' title='bbox 614 3871 849 3936; x_wconf 88' lang='lat' dir='ltr'><strong>havere</strong></span> <span class='ocrx_word' id='word_1_398' title='bbox 894 3879 1115 3958; x_wconf 90' lang='lat' dir='ltr'><strong>questa</strong></span> <span class='ocrx_word' id='word_1_399' title='bbox 1144 3872 1351 3956; x_wconf 88' lang='lat' dir='ltr'><strong>gratia</strong></span> <span class='ocrx_word' id='word_1_400' title='bbox 1397 3870 1513 3935; x_wconf 89' lang='lat' dir='ltr'><strong>che</strong></span> <span class='ocrx_word' id='word_1_401' title='bbox 1544 3869 1607 3936; x_wconf 89' lang='lat' dir='ltr'><strong>al</strong></span> <span class='ocrx_word' id='word_1_402' title='bbox 1637 3880 1927 3957; x_wconf 86' lang='lat' dir='ltr'><strong>presente</strong></span> <span class='ocrx_word' id='word_1_403' title='bbox 1971 3873 2140 3958; x_wconf 88' lang='lat' dir='ltr'><strong>possi</strong></span> <span class='ocrx_word' id='word_1_404' title='bbox 2171 3874 2479 3938; x_wconf 87' lang='lat' dir='ltr'><strong>ritornare</strong></span> <span class='ocrx_word' id='word_1_405' title='bbox 2522 3875 2589 3937; x_wconf 89' lang='lat' dir='ltr'><strong>in</strong></span> <span class='ocrx_word' id='word_1_406' title='bbox 2621 3872 2825 3956; x_wconf 85' lang='lat' dir='ltr'><strong>ltalia,</strong></span> <span class='ocrx_word' id='word_1_407' title='bbox 2871 3873 3042 3939; x_wconf 85' lang='lat' dir='ltr'><strong>della</strong></span> <span class='ocrx_word' id='word_1_408' title='bbox 3071 3874 3264 3962; x_wconf 81' lang='lat' dir='ltr'><strong>quale,</strong></span> 
     </span>
     <span class='ocr_line' id='line_1_38' title="bbox 612 3976 3265 4066; baseline 0.002 -23"><span class='ocrx_word' id='word_1_409' title='bbox 612 4001 790 4043; x_wconf 91' lang='lat' dir='ltr'><strong>come</strong></span> <span class='ocrx_word' id='word_1_410' title='bbox 835 3979 947 4063; x_wconf 75' lang='lat' dir='ltr'><strong>piu</strong></span> <span class='ocrx_word' id='word_1_411' title='bbox 995 3977 1165 4042; x_wconf 89' lang='lat' dir='ltr'><strong>volte</strong></span> <span class='ocrx_word' id='word_1_412' title='bbox 1210 3976 1292 4042; x_wconf 92' lang='lat' dir='ltr'><strong>ho</strong></span> <span class='ocrx_word' id='word_1_413' title='bbox 1339 3980 1559 4043; x_wconf 85' lang='lat' dir='ltr'><strong>scritto</strong></span> <span class='ocrx_word' id='word_1_414' title='bbox 1574 4028 1590 4061; x_wconf 90' lang='lat'>‚</span> <span class='ocrx_word' id='word_1_415' title='bbox 1650 3979 1890 4043; x_wconf 70' lang='lat' dir='ltr'><strong>restare</strong></span> <span class='ocrx_word' id='word_1_416' title='bbox 1936 3987 2452 4065; x_wconf 88' lang='lat' dir='ltr'><strong>perpetuameute</strong></span> <span class='ocrx_word' id='word_1_417' title='bbox 2498 3978 2777 4066; x_wconf 83' lang='lat' dir='ltr'><strong>obligato</strong></span> <span class='ocrx_word' id='word_1_418' title='bbox 2824 4002 2866 4045; x_wconf 83' lang='lat' dir='ltr'><strong>a</strong></span> <span class='ocrx_word' id='word_1_419' title='bbox 2911 3980 2991 4046; x_wconf 90' lang='lat' dir='ltr'><strong>V.</strong></span> <span class='ocrx_word' id='word_1_420' title='bbox 3041 3982 3101 4048; x_wconf 88' lang='lat' dir='ltr'><strong>S.</strong></span> <span class='ocrx_word' id='word_1_421' title='bbox 3149 3983 3265 4047; x_wconf 76' lang='lat' dir='ltr'><strong>R·-</strong></span> 
     </span>
     <span class='ocr_line' id='line_1_39' title="bbox 611 4082 3261 4173; baseline 0.002 -23"><span class='ocrx_word' id='word_1_422' title='bbox 611 4094 675 4150; x_wconf 93' lang='lat' dir='ltr'><strong>et</strong></span> <span class='ocrx_word' id='word_1_423' title='bbox 719 4083 888 4169; x_wconf 69' lang='lat' dir='ltr'>Illm,</span> <span class='ocrx_word' id='word_1_424' title='bbox 935 4083 1061 4148; x_wconf 87' lang='lat' dir='ltr'><strong>alla</strong></span> <span class='ocrx_word' id='word_1_425' title='bbox 1105 4084 1293 4171; x_wconf 89' lang='lat' dir='ltr'><strong>quale</strong></span> <span class='ocrx_word' id='word_1_426' title='bbox 1343 4123 1419 4132; x_wconf 94' lang='lat'><strong>—</strong></span> <span class='ocrx_word' id='word_1_427' title='bbox 1470 4082 1780 4150; x_wconf 79' lang='lat' dir='ltr'><strong>basiando</strong></span> <span class='ocrx_word' id='word_1_428' title='bbox 1840 4087 1862 4149; x_wconf 87' lang='lat' dir='ltr'><strong>i</strong></span> <span class='ocrx_word' id='word_1_429' title='bbox 1922 4086 2092 4172; x_wconf 89' lang='lat' dir='ltr'><strong>piedi</strong></span> <span class='ocrx_word' id='word_1_430' title='bbox 2157 4108 2196 4150; x_wconf 85' lang='lat' dir='ltr'><strong>a</strong></span> <span class='ocrx_word' id='word_1_431' title='bbox 2255 4085 2483 4152; x_wconf 84' lang='lat' dir='ltr'><strong>Nostro</strong></span> <span class='ocrx_word' id='word_1_432' title='bbox 2531 4087 2796 4173; x_wconf 85' lang='lat' dir='ltr'><strong>Signore</strong></span> <span class='ocrx_word' id='word_1_433' title='bbox 2857 4127 2940 4136; x_wconf 89' lang='lat'><strong>—-</strong></span> <span class='ocrx_word' id='word_1_434' title='bbox 3008 4089 3074 4154; x_wconf 86' lang='lat' dir='ltr'><strong>di</strong></span> <span class='ocrx_word' id='word_1_435' title='bbox 3131 4111 3261 4153; x_wconf 84' lang='lat' dir='ltr'><strong>cou-</strong></span> 
     </span>
     <span class='ocr_line' id='line_1_40' title="bbox 612 4191 3327 4256; baseline 0 0"><span class='ocrx_word' id='word_1_436' title='bbox 612 4193 790 4256; x_wconf 87' lang='lat' dir='ltr'><strong>tinuo</strong></span> <span class='ocrx_word' id='word_1_437' title='bbox 836 4193 925 4255; x_wconf 90' lang='lat' dir='ltr'><strong>mi</strong></span> <span class='ocrx_word' id='word_1_438' title='bbox 970 4191 1414 4256; x_wconf 87' lang='lat' dir='ltr'><strong>raccomando.</strong></span> <span class='ocrx_word' id='word_1_439' title='bbox 3274 4203 3327 4256; x_wconf 73' lang='lat'><strong>35</strong></span> 
     </span>
     <span class='ocr_line' id='line_1_41' title="bbox 791 4297 2047 4383; baseline 0.001 -21"><span class='ocrx_word' id='word_1_440' title='bbox 791 4297 881 4362; x_wconf 86' lang='lat' dir='ltr'><strong>Di</strong></span> <span class='ocrx_word' id='word_1_441' title='bbox 926 4298 1139 4383; x_wconf 87' lang='lat' dir='ltr'><strong>Praga</strong></span> <span class='ocrx_word' id='word_1_442' title='bbox 1182 4297 1288 4362; x_wconf 87' lang='lat' dir='ltr'><strong>alli</strong></span> <span class='ocrx_word' id='word_1_443' title='bbox 1342 4309 1419 4364; x_wconf 76' lang='lat'><strong>15</strong></span> <span class='ocrx_word' id='word_1_444' title='bbox 1468 4298 1533 4363; x_wconf 87' lang='lat' dir='ltr'><strong>di</strong></span> <span class='ocrx_word' id='word_1_445' title='bbox 1580 4299 1811 4364; x_wconf 88' lang='lat' dir='ltr'><strong>martio</strong></span> <span class='ocrx_word' id='word_1_446' title='bbox 1863 4308 2047 4367; x_wconf 85' lang='lat'><strong>1538.</strong></span> 
     </span>
    </p>
   </div>
   <div class='ocr_carea' id='block_1_6' title="bbox 344 4492 3259 4579">
    <p class='ocr_par' dir='ltr' id='par_1_6' title="bbox 344 4492 3259 4579">
     <span class='ocr_line' id='line_1_42' title="bbox 344 4492 3259 4579; baseline 0.004 -25"><span class='ocrx_word' id='word_1_447' title='bbox 344 4494 487 4547; x_wconf 60' lang='lat' dir='ltr'><strong>Mre·</strong></span> <span class='ocrx_word' id='word_1_448' title='bbox 522 4496 599 4546; x_wconf 83' lang='lat'><strong>23</strong></span> <span class='ocrx_word' id='word_1_449' title='bbox 616 4492 733 4562; x_wconf 77' lang='lat'><strong>82.</strong></span> <span class='ocrx_word' id='word_1_450' title='bbox 826 4494 1091 4558; x_wconf 68' lang='lat' dir='ltr'><strong>Moron-e</strong></span> <span class='ocrx_word' id='word_1_451' title='bbox 1135 4515 1223 4558; x_wconf 80' lang='lat' dir='ltr'><strong>cm</strong></span> <span class='ocrx_word' id='word_1_452' title='bbox 1269 4495 1586 4559; x_wconf 64' lang='lat' dir='ltr'><strong>Far-nese:</strong></span> <span class='ocrx_word' id='word_1_453' title='bbox 1642 4495 2104 4579; x_wconf 75' lang='lat' dir='ltr'><strong>Refriecliyuny</strong></span> <span class='ocrx_word' id='word_1_454' title='bbox 2149 4497 2234 4561; x_wconf 90' lang='lat' dir='ltr'><strong>K.</strong></span> <span class='ocrx_word' id='word_1_455' title='bbox 2282 4497 2699 4562; x_wconf 72' lang='lat' dir='ltr'><strong>Fordinands</strong></span> <span class='ocrx_word' id='word_1_456' title='bbox 2757 4499 2910 4562; x_wconf 64' lang='lat' dir='ltr'><strong>seber</strong></span> <span class='ocrx_word' id='word_1_457' title='bbox 2954 4501 3074 4565; x_wconf 79' lang='lat' dir='ltr'><strong>den</strong></span> <span class='ocrx_word' id='word_1_458' title='bbox 3117 4501 3259 4564; x_wconf 75' lang='lat' dir='ltr'><strong>Eut·</strong></span> 
     </span>
    </p>
   </div>
   <div class='ocr_carea' id='block_1_7' title="bbox 614 4600 3256 4813">
    <p class='ocr_par' dir='ltr' id='par_1_7' title="bbox 614 4600 3256 4813">
     <span class='ocr_line' id='line_1_43' title="bbox 614 4600 3256 4681; baseline 0.003 -19"><span class='ocrx_word' id='word_1_459' title='bbox 614 4600 831 4681; x_wconf 70' lang='lat' dir='ltr'><strong>schlzfi</strong></span> <span class='ocrx_word' id='word_1_460' title='bbox 877 4601 981 4663; x_wconf 79' lang='lat' dir='ltr'><strong>des</strong></span> <span class='ocrx_word' id='word_1_461' title='bbox 1027 4600 1291 4680; x_wconf 78' lang='lat' dir='ltr'><strong>Papstes</strong></span> <span class='ocrx_word' id='word_1_462' title='bbox 1336 4603 1731 4666; x_wconf 75' lang='lat' dir='ltr'><strong>hinsichtlich</strong></span> <span class='ocrx_word' id='word_1_463' title='bbox 1777 4604 1886 4667; x_wconf 83' lang='lat' dir='ltr'><strong>des</strong></span> <span class='ocrx_word' id='word_1_464' title='bbox 1937 4602 2185 4668; x_wconf 74' lang='lat' dir='ltr'><strong>Concils</strong></span> <span class='ocrx_word' id='word_1_465' title='bbox 2228 4605 2368 4668; x_wconf 77' lang='lat' dir='ltr'><strong>und</strong></span> <span class='ocrx_word' id='word_1_466' title='bbox 2421 4605 2529 4668; x_wconf 79' lang='lat' dir='ltr'><strong>der</strong></span> <span class='ocrx_word' id='word_1_467' title='bbox 2573 4605 2765 4669; x_wconf 81' lang='lat' dir='ltr'><strong>Reise</strong></span> <span class='ocrx_word' id='word_1_468' title='bbox 2823 4609 2998 4672; x_wconf 73' lang='lat' dir='ltr'><strong>nach</strong></span> <span class='ocrx_word' id='word_1_469' title='bbox 3055 4609 3256 4673; x_wconf 54' lang='lat' dir='ltr'><strong>Nega.</strong></span> 
     </span>
     <span class='ocr_line' id='line_1_44' title="bbox 638 4710 1787 4813; baseline 0.006 -21"><span class='ocrx_word' id='word_1_470' title='bbox 638 4710 651 4715; x_wconf 24' lang='grc' dir='ltr'><strong><em>η</em></strong></span> <span class='ocrx_word' id='word_1_471' title='bbox 762 4740 803 4813; x_wconf 86' lang='lat'><strong>¹)</strong></span> <span class='ocrx_word' id='word_1_472' title='bbox 852 4741 962 4811; x_wconf 75' lang='lat' dir='ltr'><strong>Vyl.</strong></span> <span class='ocrx_word' id='word_1_473' title='bbox 1001 4742 1091 4794; x_wconf 77' lang='lat' dir='ltr'><strong>die</strong></span> <span class='ocrx_word' id='word_1_474' title='bbox 1126 4742 1417 4811; x_wconf 62' lang='lat' dir='ltr'><strong>folgenden</strong></span> <span class='ocrx_word' id='word_1_475' title='bbox 1454 4744 1787 4813; x_wconf 76' lang='lat' dir='ltr'><strong>Depeschen.</strong></span> 
     </span>
    </p>
   </div>
  </div>
 </body>
</html>
