3500 5300
373 552 514 604 1536

338 620 455 676 Olet.
491 625 567 677 24

584 348 658 411 u
1536 352 1636 408 No.
1673 353 1735 410 δι
1775 353 1914 409 1536
1950 352 2185 410 Oktober
2218 353 2309 409 24.

587 547 940 637 hypocrisis
1007 550 1426 636 suspicionem
1494 550 1809 633 incurrat3
1868 550 2119 638 jejunia
2186 556 2250 616 et
2316 574 2357 616 a
2422 549 2720 618 carnibus
2788 549 3272 631 abstinentiam,

587 666 777 743 prout
836 654 1102 722 ecclesia
1160 657 1452 721 Romana
1507 657 1780 722 instituit
1835 665 1947 722 aut
2016 656 2363 723 catholicus
2433 681 2586 723 usus
2655 657 2907 723 illarum
2980 660 3269 745 partium

587 763 892 847 obtinuit,
953 772 1261 850 quantum
1307 772 1537 830 natura
1581 765 1853 851 patitur,
1922 772 1987 830 et
2031 765 2165 852 ipse
2209 774 2274 830 et
2315 767 2454 854 ejus
2497 765 2740 831 familia
2786 764 3086 831 observet
3129 773 3270 849 aut,

589 868 698 936 ubi
758 873 1096 936 necessitas
1155 873 1356 957 cogit,
1426 872 1785 936 cautissime
1842 871 2130 958 frangat,
2212 872 2323 937 sed
2385 872 2597 961 aliquo
2666 874 2774 960 pio
2843 895 3034 960 opere
3089 872 3272 938 hunc

588 977 902 1043 defectum
949 1000 1428 1065 recompensare
1473 987 1910 1065 cognoscatur.
3325 990 3362 1043 5

766 1083 1010 1151 Caveat
1067 1086 1218 1151 item
1277 1085 1572 1150 dominus
1631 1087 1903 1152 nuncius
1946 1094 2012 1152 et
2075 1088 2171 1151 sui
2219 1086 2463 1174 aliquas
2509 1088 2760 1173 ingredi
2806 1086 3272 1174 disputationes

589 1213 780 1277 super
824 1190 1105 1257 articulis
1148 1191 1298 1257 fidei
1344 1200 1456 1257 aut
1515 1194 1784 1258 materia
1835 1191 2182 1259 lutherana.
2280 1194 2450 1281 quod
2497 1196 2549 1259 si
2596 1193 2679 1258 ab
2737 1192 2876 1259 aliis
2920 1194 3001 1258 de
3045 1193 3269 1281 hujus·

589 1297 763 1363 modi
818 1296 1010 1364 rebus
1069 1309 1182 1364 aut
1238 1301 1430 1365 etiam
1492 1301 1842 1386 praetensis
1902 1299 2286 1367 Germaniae
2351 1300 2833 1388 gravaminibus
2899 1301 3271 1387 hujusmodi

590 1406 945 1493 questiones
988 1417 1414 1489 moverentur,
1459 1408 1681 1493 paucis
1725 1405 1942 1473 verbis
1985 1407 2332 1494 prudenter
2373 1408 2782 1495 respondeat:
2837 1409 2964 1494 jam
3011 1417 3274 1495 tempus

588 1535 790 1600 prope
834 1534 970 1579 esse
1012 1514 1079 1578 in
1126 1535 1251 1600 quo
1309 1514 1390 1579 de
1435 1511 1730 1579 omnibus
1791 1512 1888 1578 his
1941 1515 2006 1579 in
2067 1514 2409 1580 universali
2455 1515 2723 1582 concilio
2779 1515 3157 1581 discutiatur
3201 1523 3274 1581 et
3293 1526 3362 1580 lo

591 1620 936 1687 decidatur.
1031 1629 1339 1708 quantum
1408 1643 1560 1686 vcro
1628 1621 1714 1686 ad
1782 1619 2033 1706 objecta
2090 1621 2275 1687 nobis
2341 1624 2720 1710 gravamina
2787 1624 3043 1704 attinet,
3115 1645 3268 1688 cum

590 1727 894 1816 pleraque
939 1749 1158 1793 eorum
1204 1729 1331 1793 sint
1375 1736 1487 1794 aut
1530 1728 1864 1794 manifeste
1907 1727 2070 1794 falsa
2114 1738 2227 1794 aut
2272 1731 2490 1795 inania
2534 1738 2648 1796 aut
2675 1731 2867 1796 etiarn
2913 1752 2955 1795 a
2999 1731 3274 1796 summis

591 1833 997 1923 pontificibus
1031 1834 1171 1922 jam
1218 1836 1547 1919 castigata,
1593 1837 1825 1922 poterit
1868 1834 2053 1901 facile
2113 1858 2231 1923 pro
2285 1859 2402 1901 sua
2446 1837 2789 1923 prudentia
2845 1859 2926 1902 ea
2980 1836 3271 1902 refellere

593 1950 656 2007 et
699 1941 958 2026 diluere,
1004 1943 1095 2007 ita
1140 1949 1351 2006 tamen
1399 1951 1469 2007 ut
1514 1963 1593 2007 ne
1637 1941 1722 2008 ad
1769 1944 2203 2009 contentiones
2248 1952 2313 2008 et
2356 1943 2533 2008 rixas
2577 1944 2894 2010 deveniat.
2969 1945 3272 2032 quamvis

592 2051 762 2115 enim
808 2072 1003 2116 causa
1047 2060 1263 2114 nostra
1307 2050 1651 2136 justissima
1695 2050 1808 2132 sit,
1855 2053 2290 2137 experimento
2336 2059 2547 2117 tamen
2594 2050 2935 2118 didicimus
2979 2051 3128 2116 huic
3171 2053 3274 2117 rei
3295 2063 3362 2116 15

593 2158 935 2246 plurimum
982 2156 1262 2222 obfuisse
1306 2159 1371 2221 in
1419 2154 1540 2221 hac
1586 2159 1852 2223 materia
1868 2207 1884 2234 ,
1931 2165 1996 2223 et
2040 2160 2409 2244 praesertim
2455 2158 2628 2244 apud
2675 2157 3034 2225 Germanos
3048 2208 3066 2241 ‚
3115 2179 3271 2245 que·

595 2268 826 2332 stiones
871 2287 1245 2352 pugnasque
1290 2262 1630 2329 verborum
1649 2314 1666 2346 ,
1722 2272 1941 2351 utpote
1985 2288 2021 2330 e
2067 2264 2332 2352 quibus,
2397 2273 2465 2330 ut
2509 2266 2717 2353 inquit
2760 2263 3112 2352 apostolus,
3171 2266 3271 2329 in-

595 2373 805 2438 vidiae
849 2373 1280 2438 contentiones
1325 2369 1753 2457 blasphemiae
1786 2372 2075 2437 oriuntur
2105 2369 2173 2462 ¹).
2252 2373 2365 2459 qui
2408 2379 2471 2436 et
2516 2370 2697 2436 alibi:
2743 2371 2875 2438 noli
2902 2374 2957 2458 2)
3002 2371 3275 2460 (inquit)

596 2480 809 2546 verbis
854 2478 1258 2561 contendere,
1305 2478 1388 2543 ad
1435 2476 1588 2543 nihil
1637 2480 1804 2544 enim
1853 2477 2004 2544 utile
2049 2489 2145 2544 est
2187 2480 2308 2544 nisi
2353 2478 2438 2543 ad
2483 2477 2959 2545 subversionem
3006 2479 3272 2544 audien-

594 2590 770 2655 tium.
862 2593 1198 2675 eapropter
1257 2607 1491 2673 magno
1547 2585 1850 2674 loquendi
1908 2596 1972 2653 et
2015 2586 2269 2652 tacendi
2315 2594 2811 2673 temperamento
2871 2593 3120 2672 utatur,
3177 2589 3271 2651 ita
3289 2599 3361 2654 20

596 2705 809 2761 tamen
856 2704 927 2760 ut
969 2694 1054 2760 ad
1101 2693 1329 2760 silentii
1375 2693 1585 2781 potius
1629 2703 1875 2780 partem
1907 2692 2197 2777 inclinet3
2242 2694 2335 2759 sic
2380 2695 2546 2759 enim
2593 2693 2780 2759 facile
2824 2692 3110 2760 obstruet
3154 2716 3272 2759 ora

596 2801 1109 2889 malignantium,
1157 2822 1357 2888 usque
1403 2800 1564 2866 adeo
1623 2808 1694 2865 ut
1750 2823 1835 2865 ex
1892 2800 2233 2886 prudentia
2276 2802 2486 2888 ipsum
2542 2800 2624 2866 de
2678 2800 2779 2865 his
2823 2798 3014 2866 rebus
3056 2808 3273 2866 tacere

597 2912 724 2975 sint
757 2908 1110 2997 judicaturi
1156 2917 1220 2974 et
1262 2930 1388 2973 non
1436 2909 1587 2995 quia
1632 2930 1864 2973 causae
1909 2915 2164 2974 nostrae
2223 2907 2436 2995 aliquo
2482 2915 2668 2995 pacto
2715 2906 2968 2973 diffidat
3025 2918 3140 2973 aut
3183 2908 3272 2974 ad

596 3040 674 3083 ea
721 3038 883 3103 quae
929 3016 1308 3105 objicientur
1352 3017 1594 3081 nesciat
1637 3015 2033 3103 respondere.

777 3124 921 3189 Hoc
968 3125 1020 3188 si
1066 3124 1132 3188 in
1178 3123 1350 3188 omni
1396 3145 1465 3188 re
1510 3129 1575 3187 et
1618 3124 1866 3188 actione
1912 3144 2029 3187 sua
2073 3122 2369 3188 dominus
2423 3123 2695 3189 nuncius
2758 3145 2885 3187 una
2945 3146 3089 3189 cum
3139 3125 3360 3191 suisffi

598 3240 909 3319 perpetuo
953 3231 1341 3314 meminerit,
1402 3237 1475 3294 ut
1518 3230 1715 3317 juxta
1774 3230 1908 3294 divi
1953 3229 2220 3316 apostoli
2265 3227 2496 3295 Jacobi
2557 3229 2756 3295 verba
2816 3229 3004 3295 velox
3057 3232 3141 3295 sit
3185 3231 3272 3296 ad

598 3338 985 3406 audiendum
1040 3348 1104 3403 et
1161 3338 1382 3403 tardus
1440 3336 1525 3403 ad
1584 3335 1970 3425 loquendum
1999 3338 2054 3425 ³)
2069 3386 2087 3420 ,
2150 3340 2518 3423 praesertim
2584 3337 2756 3424 apud
2812 3360 2922 3403 eas
2966 3339 3272 3421 nationes,

600 3469 1003 3535 nequaquam
1064 3446 1147 3510 ab
1207 3444 1348 3510 aliis
1402 3446 1469 3510 in
1528 3467 1819 3511 sermone
1876 3446 2193 3531 capietur,
2253 3455 2317 3510 et
2373 3467 2500 3533 quo
2562 3446 2777 3510 animo
2821 3467 2980 3531 erga
3023 3443 3272 3510 San-²·

602 3555 949 3621 Dominum
1007 3554 1310 3618 Nostrum
1368 3560 1432 3618 et
1492 3551 1657 3617 hanc
1718 3560 2005 3617 sanctam
2066 3551 2279 3617 sedem
2339 3550 2429 3617 illi
2490 3551 2713 3639 populi
2772 3554 2899 3617 sint
2952 3552 3166 3618 affecti
3209 3562 3275 3617 et

550 3675 557 3680 '
602 3661 754 3751 quid
801 3661 881 3726 de
925 3658 1110 3725 nobis
1154 3660 1373 3726 dicant
1417 3668 1530 3724 aut
1571 3659 1638 3724 in
1685 3682 1801 3725 nos
1848 3660 2208 3742 adstruant,
2254 3657 2440 3725 facile
2485 3668 2854 3744 cognoscet3
2915 3659 2996 3725 de
3039 3659 3360 3747 quibusffl

603 3767 896 3835 omnibus
941 3767 1351 3833 Sanctitatem
1399 3766 1594 3833 Suam
1640 3788 1756 3853 per
1798 3766 1960 3832 fidos
2004 3768 2271 3832 nuncios
2314 3775 2501 3831 caute
2545 3768 2876 3831 certiorem
2923 3766 3166 3832 reddat.

781 3872 1185 3962 Superfluum
1230 3882 1326 3939 est
1355 3875 1657 3939 nuncium
1705 3874 1787 3940 de
1831 3873 1930 3938 bis
1976 3896 2139 3961 quae
2185 3881 2537 3961 sequuntur
2581 3874 3145 3956 commonefacere,
3191 3873 3273 3939 de

604 3984 788 4071 cujus
831 3982 1168 4070 prudentia
1212 3992 1276 4047 et
1319 4005 1568 4048 morum
1613 3981 1930 4068 probitate
1976 3983 2205 4049 Santm
2253 3981 2567 4046 Dominus
2612 3980 2845 4048 Noster
2897 3991 2994 4046 est
3037 3983 3272 4069 optime

602 4113 869 4179 gnarus3
928 4097 1140 4155 tamen
1207 4097 1270 4154 et
1327 4089 1394 4154 id
1455 4090 1925 4156 adnectendum
1970 4097 2095 4172 est,
2154 4087 2372 4154 saltem
2422 4095 2681 4175 propter
2725 4088 2864 4175 ejus
2907 4087 3270 4173 familiares,

604 4219 765 4287 quos
825 4195 1101 4284 alioquin
1149 4197 1281 4262 San
1292 4207 1388 4237 Μ’
1436 4196 1750 4261 Dominus
1794 4196 2026 4261 Noster
2069 4194 2330 4260 confidit
2387 4195 2521 4260 fore
2562 4194 2858 4261 honestos
2911 4202 2976 4261 et
3020 4195 3270 4282 probos,
3287 4207 3353 4261 35

606 4312 677 4370 ut
721 4305 785 4368 in
833 4325 1122 4369 sermone
1179 4311 1243 4369 et
1300 4305 1484 4369 factis
1539 4302 1778 4369 bonum
1838 4302 1919 4369 de
1964 4324 2031 4367 se
2093 4301 2217 4367 illis
2274 4300 2637 4367 nationibus
2681 4301 3046 4389 exemplum
3092 4325 3271 4389 prae-

607 4413 829 4477 beant:
891 4410 1152 4477 alternis
1209 4409 1785 4499 compotationibus
1842 4433 1959 4497 pro
2017 4432 2191 4475 more
2252 4407 2419 4474 illius
2476 4410 2749 4474 nationis
2801 4410 2967 4475 inter
3019 4432 3085 4475 se
3147 4432 3269 4475 non

756 4571 798 4644 ¹)
837 4576 886 4627 1.
928 4573 1064 4627 Tim.
1105 4575 1141 4627 6
1175 4589 1225 4625 υ.
1264 4575 1314 4625 4.

753 4663 798 4730 ²)
836 4667 890 4718 2.
933 4663 1071 4717 Tim.
1107 4666 1147 4717 2
1184 4679 1233 4716 v.
1275 4663 1360 4714 14.

754 4753 798 4822 ³)
837 4753 959 4808 Jac.
999 4757 1029 4806 1
1065 4770 1110 4806 v.
1148 4755 1229 4807 19.
3286 4753 3350 4804 40
