<?xml version="1.0" encoding="UTF-8"?>
<!DOCTYPE html PUBLIC "-//W3C//DTD XHTML 1.0 Transitional//EN"
    "http://www.w3.org/TR/xhtml1/DTD/xhtml1-transitional.dtd">
<html xmlns="http://www.w3.org/1999/xhtml" xml:lang="en" lang="en">
 <head>
  <title>
</title>
<meta http-equiv="Content-Type" content="text/html;charset=utf-8" />
  <meta name='ocr-system' content='tesseract 3.04.00' />
  <meta name='ocr-capabilities' content='ocr_page ocr_carea ocr_par ocr_line ocrx_word'/>
</head>
<body>
  <div class='ocr_page' id='page_1' title='image "./nuntiaturberich02deugoog_1043.png"; bbox 0 0 3500 5300; ppageno 0'>
   <div class='ocr_carea' id='block_1_1' title="bbox 381 535 521 592">
    <p class='ocr_par' dir='ltr' id='par_1_1' title="bbox 381 535 521 592">
     <span class='ocr_line' id='line_1_1' title="bbox 381 535 521 592; baseline -0.014 0"><span class='ocrx_word' id='word_1_1' title='bbox 381 535 521 592; x_wconf 71' lang='lat'>1536</span> 
     </span>
    </p>
   </div>
   <div class='ocr_carea' id='block_1_2' title="bbox 570 333 2117 399">
    <p class='ocr_par' dir='ltr' id='par_1_2' title="bbox 570 333 2117 399">
     <span class='ocr_line' id='line_1_2' title="bbox 570 333 2117 399; baseline 0.001 -6"><span class='ocrx_word' id='word_1_2' title='bbox 570 333 680 399; x_wconf 68' lang='grc'>846</span> <span class='ocrx_word' id='word_1_3' title='bbox 1679 335 1778 393; x_wconf 77' lang='lat' dir='ltr'>Ne.</span> <span class='ocrx_word' id='word_1_4' title='bbox 1818 337 1922 393; x_wconf 75' lang='lat'>1⁴¹:</span> <span class='ocrx_word' id='word_1_5' title='bbox 1963 338 2117 394; x_wconf 79' lang='lat'>1536.</span> 
     </span>
    </p>
   </div>
   <div class='ocr_carea' id='block_1_3' title="bbox 563 532 3332 3926">
    <p class='ocr_par' dir='ltr' id='par_1_3' title="bbox 563 532 3311 1687">
     <span class='ocr_line' id='line_1_3' title="bbox 751 532 3238 620; baseline 0 -21"><span class='ocrx_word' id='word_1_6' title='bbox 751 533 915 599; x_wconf 84' lang='lat' dir='ltr'>Cum</span> <span class='ocrx_word' id='word_1_7' title='bbox 961 557 1112 599; x_wconf 87' lang='lat' dir='ltr'>vero</span> <span class='ocrx_word' id='word_1_8' title='bbox 1158 541 1508 620; x_wconf 80' lang='lat' dir='ltr'>gravantur</span> <span class='ocrx_word' id='word_1_9' title='bbox 1553 532 1839 597; x_wconf 86' lang='lat' dir='ltr'>ciborum</span> <span class='ocrx_word' id='word_1_10' title='bbox 1887 556 2074 597; x_wconf 88' lang='lat' dir='ltr'>usum</span> <span class='ocrx_word' id='word_1_11' title='bbox 2118 532 2542 611; x_wconf 88' lang='lat' dir='ltr'>interdictum,</span> <span class='ocrx_word' id='word_1_12' title='bbox 2589 554 2750 619; x_wconf 89' lang='lat' dir='ltr'>quos</span> <span class='ocrx_word' id='word_1_13' title='bbox 2793 542 3008 598; x_wconf 86' lang='lat' dir='ltr'>tamen</span> <span class='ocrx_word' id='word_1_14' title='bbox 3054 532 3238 599; x_wconf 83' lang='lat' dir='ltr'>Deus</span> 
     </span>
     <span class='ocr_line' id='line_1_4' title="bbox 572 640 3235 726; baseline 0 -21"><span class='ocrx_word' id='word_1_15' title='bbox 572 640 655 705; x_wconf 85' lang='lat' dir='ltr'>ad</span> <span class='ocrx_word' id='word_1_16' title='bbox 711 641 979 706; x_wconf 90' lang='lat' dir='ltr'>hominis</span> <span class='ocrx_word' id='word_1_17' title='bbox 1037 642 1471 706; x_wconf 87' lang='lat' dir='ltr'>necessitatem</span> <span class='ocrx_word' id='word_1_18' title='bbox 1530 640 1771 703; x_wconf 77' lang='lat' dir='ltr'>creavit</span> <span class='ocrx_word' id='word_1_19' title='bbox 1832 661 1907 703; x_wconf 89' lang='lat' dir='ltr'>ac</span> <span class='ocrx_word' id='word_1_20' title='bbox 1968 661 2111 704; x_wconf 89' lang='lat' dir='ltr'>cum</span> <span class='ocrx_word' id='word_1_21' title='bbox 2171 640 2518 724; x_wconf 87' lang='lat' dir='ltr'>gratiarum</span> <span class='ocrx_word' id='word_1_22' title='bbox 2579 641 2829 705; x_wconf 90' lang='lat' dir='ltr'>actione</span> <span class='ocrx_word' id='word_1_23' title='bbox 2872 642 3235 726; x_wconf 85' lang='lat' dir='ltr'>promiscue</span> 
     </span>
     <span class='ocr_line' id='line_1_5' title="bbox 574 744 3236 834; baseline 0 -22"><span class='ocrx_word' id='word_1_24' title='bbox 574 747 909 813; x_wconf 84' lang='lat' dir='ltr'>sumendos</span> <span class='ocrx_word' id='word_1_25' title='bbox 939 748 1262 833; x_wconf 85' lang='lat' dir='ltr'>apostolus</span> <span class='ocrx_word' id='word_1_26' title='bbox 1293 745 1528 828; x_wconf 84' lang='lat' dir='ltr'>docuit,</span> <span class='ocrx_word' id='word_1_27' title='bbox 1577 754 1851 809; x_wconf 88' lang='lat' dir='ltr'>caveant</span> <span class='ocrx_word' id='word_1_28' title='bbox 1880 744 2188 810; x_wconf 81' lang='lat' dir='ltr'>Germani</span> <span class='ocrx_word' id='word_1_29' title='bbox 2215 745 2288 831; x_wconf 85' lang='lat'>⁸),</span> <span class='ocrx_word' id='word_1_30' title='bbox 2335 752 2603 810; x_wconf 83' lang='lat' dir='ltr'>caveant</span> <span class='ocrx_word' id='word_1_31' title='bbox 2647 747 2908 834; x_wconf 89' lang='lat' dir='ltr'>inquam</span> <span class='ocrx_word' id='word_1_32' title='bbox 2953 770 3033 812; x_wconf 91' lang='lat' dir='ltr'>ne</span> <span class='ocrx_word' id='word_1_33' title='bbox 3080 747 3236 812; x_wconf 88' lang='lat' dir='ltr'>dum</span> 
     </span>
     <span class='ocr_line' id='line_1_6' title="bbox 563 850 3234 942; baseline -0 -24"><span class='ocrx_word' id='word_1_34' title='bbox 563 855 811 942; x_wconf 85' lang='lat' dir='ltr'>jejunia</span> <span class='ocrx_word' id='word_1_35' title='bbox 856 853 1181 936; x_wconf 88' lang='lat' dir='ltr'>damnant,</span> <span class='ocrx_word' id='word_1_36' title='bbox 1227 853 1555 919; x_wconf 87' lang='lat' dir='ltr'>Joviniani</span> <span class='ocrx_word' id='word_1_37' title='bbox 1587 857 1628 934; x_wconf 89' lang='lat'>¹)</span> <span class='ocrx_word' id='word_1_38' title='bbox 1675 850 1942 917; x_wconf 87' lang='lat' dir='ltr'>heresim</span> <span class='ocrx_word' id='word_1_39' title='bbox 1990 853 2348 934; x_wconf 82' lang='lat' dir='ltr'><strong>incurrant,</strong></span> <span class='ocrx_word' id='word_1_40' title='bbox 2408 852 2486 917; x_wconf 93' lang='lat' dir='ltr'>de</span> <span class='ocrx_word' id='word_1_41' title='bbox 2554 876 2680 940; x_wconf 89' lang='lat' dir='ltr'>quo</span> <span class='ocrx_word' id='word_1_42' title='bbox 2725 854 3126 941; x_wconf 79' lang='lat' dir='ltr'>Augustinus</span> <span class='ocrx_word' id='word_1_43' title='bbox 3170 856 3234 917; x_wconf 93' lang='lat' dir='ltr'>in</span> 
     </span>
     <span class='ocr_line' id='line_1_7' title="bbox 574 958 3311 1046; baseline -0.001 -21"><span class='ocrx_word' id='word_1_44' title='bbox 574 960 735 1026; x_wconf 85' lang='lat' dir='ltr'>libro</span> <span class='ocrx_word' id='word_1_45' title='bbox 780 961 861 1025; x_wconf 93' lang='lat' dir='ltr'>de</span> <span class='ocrx_word' id='word_1_46' title='bbox 908 958 1262 1025; x_wconf 82' lang='lat' dir='ltr'>heresibus:</span> <span class='ocrx_word' id='word_1_47' title='bbox 1321 959 1365 1025; x_wconf 87' lang='lat' dir='ltr'>J</span> <span class='ocrx_word' id='word_1_48' title='bbox 1369 960 1719 1040; x_wconf 75' lang='lat' dir='ltr'>ovinianus‚</span> <span class='ocrx_word' id='word_1_49' title='bbox 1768 959 1991 1044; x_wconf 82' lang='lat' dir='ltr'>inquit,</span> <span class='ocrx_word' id='word_1_50' title='bbox 2037 980 2359 1041; x_wconf 87' lang='lat' dir='ltr'>monacus,</span> <span class='ocrx_word' id='word_1_51' title='bbox 2408 982 2448 1022; x_wconf 92' lang='lat' dir='ltr'>a</span> <span class='ocrx_word' id='word_1_52' title='bbox 2492 982 2617 1046; x_wconf 92' lang='lat' dir='ltr'>quo</span> <span class='ocrx_word' id='word_1_53' title='bbox 2662 959 3234 1025; x_wconf 82' lang='lat' dir='ltr'>Jovinianistarum</span> <span class='ocrx_word' id='word_1_54' title='bbox 3281 970 3311 1022; x_wconf 86' lang='lat'><strong>5</strong></span> 
     </span>
     <span class='ocr_line' id='line_1_8' title="bbox 575 1064 3233 1153; baseline 0 -22"><span class='ocrx_word' id='word_1_55' title='bbox 575 1066 809 1133; x_wconf 87' lang='lat' dir='ltr'>heresis</span> <span class='ocrx_word' id='word_1_56' title='bbox 854 1075 990 1132; x_wconf 87' lang='lat' dir='ltr'>orta</span> <span class='ocrx_word' id='word_1_57' title='bbox 1037 1072 1150 1145; x_wconf 87' lang='lat' dir='ltr'>est,</span> <span class='ocrx_word' id='word_1_58' title='bbox 1196 1073 1361 1130; x_wconf 86' lang='lat' dir='ltr'>etate</span> <span class='ocrx_word' id='word_1_59' title='bbox 1406 1075 1621 1130; x_wconf 87' lang='lat' dir='ltr'>nostra</span> <span class='ocrx_word' id='word_1_60' title='bbox 1665 1087 1811 1129; x_wconf 90' lang='lat' dir='ltr'>cum</span> <span class='ocrx_word' id='word_1_61' title='bbox 1842 1064 2052 1129; x_wconf 87' lang='lat' dir='ltr'>adhuc</span> <span class='ocrx_word' id='word_1_62' title='bbox 2086 1067 2358 1152; x_wconf 85' lang='lat' dir='ltr'>juvenes</span> <span class='ocrx_word' id='word_1_63' title='bbox 2398 1087 2691 1149; x_wconf 81' lang='lat' dir='ltr'>essemus,</span> <span class='ocrx_word' id='word_1_64' title='bbox 2738 1065 2892 1131; x_wconf 87' lang='lat' dir='ltr'>nihil</span> <span class='ocrx_word' id='word_1_65' title='bbox 2937 1067 3233 1153; x_wconf 78' lang='lat' dir='ltr'>prodesse</span> 
     </span>
     <span class='ocr_line' id='line_1_9' title="bbox 565 1170 3230 1261; baseline -0 -22"><span class='ocrx_word' id='word_1_66' title='bbox 565 1176 813 1261; x_wconf 87' lang='lat' dir='ltr'>jejunia</span> <span class='ocrx_word' id='word_1_67' title='bbox 857 1173 960 1238; x_wconf 90' lang='lat' dir='ltr'>vel</span> <span class='ocrx_word' id='word_1_68' title='bbox 1006 1195 1047 1237; x_wconf 91' lang='lat' dir='ltr'>a</span> <span class='ocrx_word' id='word_1_69' title='bbox 1076 1171 1458 1259; x_wconf 90' lang='lat' dir='ltr'>quibusdam</span> <span class='ocrx_word' id='word_1_70' title='bbox 1503 1172 1660 1237; x_wconf 85' lang='lat' dir='ltr'>cibis</span> <span class='ocrx_word' id='word_1_71' title='bbox 1691 1171 2075 1237; x_wconf 83' lang='lat' dir='ltr'>abstinentia</span> <span class='ocrx_word' id='word_1_72' title='bbox 2106 1170 2440 1238; x_wconf 82' lang='lat' dir='ltr'>asserebat.</span> <span class='ocrx_word' id='word_1_73' title='bbox 2497 1182 2563 1237; x_wconf 88' lang='lat' dir='ltr'>et</span> <span class='ocrx_word' id='word_1_74' title='bbox 2606 1174 2797 1239; x_wconf 84' lang='lat' dir='ltr'>infra:</span> <span class='ocrx_word' id='word_1_75' title='bbox 2847 1177 2974 1239; x_wconf 89' lang='lat' dir='ltr'>cito</span> <span class='ocrx_word' id='word_1_76' title='bbox 3019 1184 3230 1239; x_wconf 85' lang='lat' dir='ltr'>tamen</span> 
     </span>
     <span class='ocr_line' id='line_1_10' title="bbox 577 1278 3230 1366; baseline 0.001 -23"><span class='ocrx_word' id='word_1_77' title='bbox 577 1283 697 1346; x_wconf 87' lang='lat' dir='ltr'>ista</span> <span class='ocrx_word' id='word_1_78' title='bbox 743 1280 975 1346; x_wconf 87' lang='lat' dir='ltr'>heresis</span> <span class='ocrx_word' id='word_1_79' title='bbox 1022 1302 1323 1366; x_wconf 87' lang='lat' dir='ltr'>oppressa</span> <span class='ocrx_word' id='word_1_80' title='bbox 1351 1287 1446 1343; x_wconf 87' lang='lat' dir='ltr'>est</span> <span class='ocrx_word' id='word_1_81' title='bbox 1475 1286 1539 1343; x_wconf 88' lang='lat' dir='ltr'>et</span> <span class='ocrx_word' id='word_1_82' title='bbox 1567 1280 1850 1343; x_wconf 80' lang='lat' dir='ltr'>extincta</span> <span class='ocrx_word' id='word_1_83' title='bbox 1892 1301 2011 1343; x_wconf 92' lang='lat' dir='ltr'>nec</span> <span class='ocrx_word' id='word_1_84' title='bbox 2042 1302 2243 1366; x_wconf 90' lang='lat' dir='ltr'>usque</span> <span class='ocrx_word' id='word_1_85' title='bbox 2285 1278 2367 1342; x_wconf 89' lang='lat' dir='ltr'>ad</span> <span class='ocrx_word' id='word_1_86' title='bbox 2398 1279 2830 1365; x_wconf 83' lang='lat' dir='ltr'>deceptionem</span> <span class='ocrx_word' id='word_1_87' title='bbox 2878 1279 3230 1366; x_wconf 87' lang='lat' dir='ltr'>aliquorum</span> 
     </span>
     <span class='ocr_line' id='line_1_11' title="bbox 578 1385 3232 1472; baseline -0 -20"><span class='ocrx_word' id='word_1_88' title='bbox 578 1387 976 1452; x_wconf 83' lang='lat' dir='ltr'>sacerdotum</span> <span class='ocrx_word' id='word_1_89' title='bbox 1023 1388 1228 1472; x_wconf 89' lang='lat' dir='ltr'>potuit</span> <span class='ocrx_word' id='word_1_90' title='bbox 1273 1386 1604 1472; x_wconf 80' lang='lat' dir='ltr'>pervenire</span> <span class='ocrx_word' id='word_1_91' title='bbox 1656 1423 1731 1432; x_wconf 93' lang='lat'>—-</span> <span class='ocrx_word' id='word_1_92' title='bbox 1751 1434 1769 1466; x_wconf 90' lang='lat'><em>‚</em></span> <span class='ocrx_word' id='word_1_93' title='bbox 1830 1385 2000 1471; x_wconf 89' lang='lat' dir='ltr'>quod</span> <span class='ocrx_word' id='word_1_94' title='bbox 2046 1387 2288 1449; x_wconf 87' lang='lat' dir='ltr'>utinam</span> <span class='ocrx_word' id='word_1_95' title='bbox 2335 1393 2398 1449; x_wconf 88' lang='lat' dir='ltr'>et</span> <span class='ocrx_word' id='word_1_96' title='bbox 2441 1408 2557 1450; x_wconf 91' lang='lat' dir='ltr'>nos</span> <span class='ocrx_word' id='word_1_97' title='bbox 2603 1386 2815 1451; x_wconf 79' lang='lat' dir='ltr'>dicere</span> <span class='ocrx_word' id='word_1_98' title='bbox 2861 1387 3232 1471; x_wconf 82' lang='lat' dir='ltr'>valeremus,</span> 
     </span>
     <span class='ocr_line' id='line_1_12' title="bbox 581 1490 3308 1577; baseline -0.001 -20"><span class='ocrx_word' id='word_1_99' title='bbox 581 1516 724 1557; x_wconf 88' lang='lat' dir='ltr'>cum</span> <span class='ocrx_word' id='word_1_100' title='bbox 774 1494 875 1557; x_wconf 89' lang='lat' dir='ltr'>hic</span> <span class='ocrx_word' id='word_1_101' title='bbox 936 1514 1110 1557; x_wconf 89' lang='lat' dir='ltr'>error</span> <span class='ocrx_word' id='word_1_102' title='bbox 1157 1490 1699 1577; x_wconf 87' lang='lat' dir='ltr'>humanarumque</span> <span class='ocrx_word' id='word_1_103' title='bbox 1746 1491 1957 1576; x_wconf 86' lang='lat' dir='ltr'>legum</span> <span class='ocrx_word' id='word_1_104' title='bbox 2005 1492 2387 1576; x_wconf 85' lang='lat' dir='ltr'>contemptio</span> <span class='ocrx_word' id='word_1_105' title='bbox 2432 1491 2924 1557; x_wconf 83' lang='lat' dir='ltr'>innumerabiles</span> <span class='ocrx_word' id='word_1_106' title='bbox 2971 1494 3232 1557; x_wconf 83' lang='lat' dir='ltr'>traxerit</span> <span class='ocrx_word' id='word_1_107' title='bbox 3254 1502 3308 1554; x_wconf 82' lang='lat' dir='ltr'>lo</span> 
     </span>
     <span class='ocr_line' id='line_1_13' title="bbox 580 1596 1732 1687; baseline -0.005 -23"><span class='ocrx_word' id='word_1_108' title='bbox 580 1602 645 1664; x_wconf 91' lang='lat' dir='ltr'>in</span> <span class='ocrx_word' id='word_1_109' title='bbox 691 1599 947 1687; x_wconf 88' lang='lat' dir='ltr'>diesque</span> <span class='ocrx_word' id='word_1_110' title='bbox 993 1598 1200 1662; x_wconf 85' lang='lat' dir='ltr'>trahat</span> <span class='ocrx_word' id='word_1_111' title='bbox 1246 1597 1327 1661; x_wconf 90' lang='lat' dir='ltr'>ad</span> <span class='ocrx_word' id='word_1_112' title='bbox 1374 1596 1732 1663; x_wconf 86' lang='lat' dir='ltr'>Geennam!</span> 
     </span>
    </p>

    <p class='ocr_par' dir='ltr' id='par_1_4' title="bbox 570 1704 3332 3926">
     <span class='ocr_line' id='line_1_14' title="bbox 760 1704 3236 1791; baseline -0.001 -19"><span class='ocrx_word' id='word_1_113' title='bbox 760 1706 886 1773; x_wconf 88' lang='lat' dir='ltr'>Sed</span> <span class='ocrx_word' id='word_1_114' title='bbox 956 1706 1218 1770; x_wconf 85' lang='lat' dir='ltr'>videant</span> <span class='ocrx_word' id='word_1_115' title='bbox 1277 1726 1470 1790; x_wconf 88' lang='lat' dir='ltr'>queso</span> <span class='ocrx_word' id='word_1_116' title='bbox 1530 1727 1655 1791; x_wconf 90' lang='lat' dir='ltr'>quo</span> <span class='ocrx_word' id='word_1_117' title='bbox 1704 1705 1853 1791; x_wconf 90' lang='lat' dir='ltr'>jure</span> <span class='ocrx_word' id='word_1_118' title='bbox 1915 1705 1978 1768; x_wconf 91' lang='lat' dir='ltr'>id</span> <span class='ocrx_word' id='word_1_119' title='bbox 2040 1704 2505 1791; x_wconf 86' lang='lat' dir='ltr'>reprehendant</span> <span class='ocrx_word' id='word_1_120' title='bbox 2562 1704 2731 1791; x_wconf 89' lang='lat' dir='ltr'>quod</span> <span class='ocrx_word' id='word_1_121' title='bbox 2791 1711 2856 1771; x_wconf 91' lang='lat' dir='ltr'>et</span> <span class='ocrx_word' id='word_1_122' title='bbox 2915 1708 3114 1772; x_wconf 81' lang='lat' dir='ltr'>veteri</span> <span class='ocrx_word' id='word_1_123' title='bbox 3171 1717 3236 1772; x_wconf 85' lang='lat' dir='ltr'>et</span> 
     </span>
     <span class='ocr_line' id='line_1_15' title="bbox 579 1810 3237 1898; baseline -0 -20"><span class='ocrx_word' id='word_1_124' title='bbox 579 1836 749 1879; x_wconf 86' lang='lat' dir='ltr'>nova</span> <span class='ocrx_word' id='word_1_125' title='bbox 806 1814 1008 1898; x_wconf 84' lang='lat' dir='ltr'>gratie</span> <span class='ocrx_word' id='word_1_126' title='bbox 1067 1810 1203 1896; x_wconf 83' lang='lat' dir='ltr'>lege</span> <span class='ocrx_word' id='word_1_127' title='bbox 1263 1811 1706 1875; x_wconf 83' lang='lat' dir='ltr'>comendatum</span> <span class='ocrx_word' id='word_1_128' title='bbox 1769 1821 1830 1874; x_wconf 92' lang='lat' dir='ltr'>et</span> <span class='ocrx_word' id='word_1_129' title='bbox 1887 1821 2255 1897; x_wconf 87' lang='lat' dir='ltr'>preceptum</span> <span class='ocrx_word' id='word_1_130' title='bbox 2316 1812 2541 1875; x_wconf 82' lang='lat' dir='ltr'>extitit.</span> <span class='ocrx_word' id='word_1_131' title='bbox 2634 1819 2696 1876; x_wconf 91' lang='lat' dir='ltr'>et</span> <span class='ocrx_word' id='word_1_132' title='bbox 2723 1867 2730 1874; x_wconf 92' lang='lat'>.</span> <span class='ocrx_word' id='word_1_133' title='bbox 2755 1821 2827 1876; x_wconf 91' lang='lat' dir='ltr'>ut</span> <span class='ocrx_word' id='word_1_134' title='bbox 2887 1834 2971 1876; x_wconf 83' lang='lat' dir='ltr'>ex</span> <span class='ocrx_word' id='word_1_135' title='bbox 3027 1811 3237 1877; x_wconf 86' lang='lat' dir='ltr'>multis</span> 
     </span>
     <span class='ocr_line' id='line_1_16' title="bbox 579 1915 3237 2009; baseline -0.001 -24"><span class='ocrx_word' id='word_1_136' title='bbox 579 1942 784 2009; x_wconf 89' lang='lat' dir='ltr'>pauca</span> <span class='ocrx_word' id='word_1_137' title='bbox 829 1919 1197 1999; x_wconf 85' lang='lat' dir='ltr'>referantur,</span> <span class='ocrx_word' id='word_1_138' title='bbox 1243 1915 1458 2003; x_wconf 86' lang='lat' dir='ltr'>legant</span> <span class='ocrx_word' id='word_1_139' title='bbox 1502 1940 1695 2004; x_wconf 89' lang='lat' dir='ltr'>queso</span> <span class='ocrx_word' id='word_1_140' title='bbox 1743 1917 1915 2003; x_wconf 90' lang='lat' dir='ltr'>quod</span> <span class='ocrx_word' id='word_1_141' title='bbox 1961 1916 2200 1981; x_wconf 88' lang='lat' dir='ltr'>habent</span> <span class='ocrx_word' id='word_1_142' title='bbox 2231 1917 2500 1983; x_wconf 86' lang='lat' dir='ltr'>Levitici</span> <span class='ocrx_word' id='word_1_143' title='bbox 2557 1929 2630 1985; x_wconf 83' lang='lat'>16</span> <span class='ocrx_word' id='word_1_144' title='bbox 2677 1927 2741 1982; x_wconf 90' lang='lat' dir='ltr'>et</span> <span class='ocrx_word' id='word_1_145' title='bbox 2788 1929 2868 1985; x_wconf 78' lang='lat'>23</span> <span class='ocrx_word' id='word_1_146' title='bbox 2900 1921 2991 2004; x_wconf 69' lang='grc'>8);</span> <span class='ocrx_word' id='word_1_147' title='bbox 3038 1921 3237 1984; x_wconf 90' lang='lat' dir='ltr'>omnis</span> 
     </span>
     <span class='ocr_line' id='line_1_17' title="bbox 578 2022 3317 2112; baseline -0.003 -20"><span class='ocrx_word' id='word_1_148' title='bbox 578 2029 792 2092; x_wconf 87' lang='lat' dir='ltr'>anima</span> <span class='ocrx_word' id='word_1_149' title='bbox 837 2048 959 2112; x_wconf 92' lang='lat' dir='ltr'>que</span> <span class='ocrx_word' id='word_1_150' title='bbox 1003 2024 1239 2090; x_wconf 87' lang='lat' dir='ltr'>afflicta</span> <span class='ocrx_word' id='word_1_151' title='bbox 1284 2047 1412 2087; x_wconf 90' lang='lat' dir='ltr'>non</span> <span class='ocrx_word' id='word_1_152' title='bbox 1460 2025 1682 2103; x_wconf 87' lang='lat' dir='ltr'>fuerit,</span> <span class='ocrx_word' id='word_1_153' title='bbox 1741 2022 1845 2087; x_wconf 89' lang='lat' dir='ltr'>die</span> <span class='ocrx_word' id='word_1_154' title='bbox 1906 2023 2024 2088; x_wconf 89' lang='lat' dir='ltr'>hac</span> <span class='ocrx_word' id='word_1_155' title='bbox 2074 2023 2308 2109; x_wconf 88' lang='lat' dir='ltr'>peribit</span> <span class='ocrx_word' id='word_1_156' title='bbox 2352 2024 2432 2088; x_wconf 91' lang='lat' dir='ltr'>de</span> <span class='ocrx_word' id='word_1_157' title='bbox 2476 2023 2709 2111; x_wconf 91' lang='lat' dir='ltr'>populo</span> <span class='ocrx_word' id='word_1_158' title='bbox 2757 2048 2886 2089; x_wconf 77' lang='lat' dir='ltr'>suo,</span> <span class='ocrx_word' id='word_1_159' title='bbox 2981 2049 3105 2112; x_wconf 91' lang='lat' dir='ltr'>que</span> <span class='ocrx_word' id='word_1_160' title='bbox 3146 2027 3236 2091; x_wconf 82' lang='lat' dir='ltr'>af-</span> <span class='ocrx_word' id='word_1_161' title='bbox 3256 2033 3317 2086; x_wconf 83' lang='lat'>15</span> 
     </span>
     <span class='ocr_line' id='line_1_18' title="bbox 580 2128 3236 2220; baseline 0 -23"><span class='ocrx_word' id='word_1_162' title='bbox 580 2133 772 2198; x_wconf 88' lang='lat' dir='ltr'>flictio</span> <span class='ocrx_word' id='word_1_163' title='bbox 819 2131 1165 2196; x_wconf 89' lang='lat' dir='ltr'>secundum</span> <span class='ocrx_word' id='word_1_164' title='bbox 1214 2153 1424 2194; x_wconf 88' lang='lat' dir='ltr'>sacros</span> <span class='ocrx_word' id='word_1_165' title='bbox 1470 2131 1802 2215; x_wconf 79' lang='lat' dir='ltr'>scriptores</span> <span class='ocrx_word' id='word_1_166' title='bbox 1863 2128 2016 2194; x_wconf 88' lang='lat' dir='ltr'>nihil</span> <span class='ocrx_word' id='word_1_167' title='bbox 2063 2130 2236 2194; x_wconf 85' lang='lat' dir='ltr'>aliud</span> <span class='ocrx_word' id='word_1_168' title='bbox 2283 2138 2377 2194; x_wconf 90' lang='lat' dir='ltr'>est</span> <span class='ocrx_word' id='word_1_169' title='bbox 2422 2152 2614 2217; x_wconf 90' lang='lat' dir='ltr'>quam</span> <span class='ocrx_word' id='word_1_170' title='bbox 2666 2133 2878 2196; x_wconf 84' lang='lat' dir='ltr'>carnis</span> <span class='ocrx_word' id='word_1_171' title='bbox 2924 2155 3040 2218; x_wconf 89' lang='lat' dir='ltr'>per</span> <span class='ocrx_word' id='word_1_172' title='bbox 3073 2134 3236 2220; x_wconf 89' lang='lat' dir='ltr'>jeju·</span> 
     </span>
     <span class='ocr_line' id='line_1_19' title="bbox 580 2235 3237 2323; baseline -0 -20"><span class='ocrx_word' id='word_1_173' title='bbox 580 2242 751 2305; x_wconf 88' lang='lat' dir='ltr'>nium</span> <span class='ocrx_word' id='word_1_174' title='bbox 800 2239 1154 2303; x_wconf 77' lang='lat' dir='ltr'>maceratio,</span> <span class='ocrx_word' id='word_1_175' title='bbox 1203 2235 1346 2301; x_wconf 87' lang='lat' dir='ltr'>Joel</span> <span class='ocrx_word' id='word_1_176' title='bbox 1379 2247 1413 2301; x_wconf 82' lang='lat'><strong>2</strong></span> <span class='ocrx_word' id='word_1_177' title='bbox 1449 2235 1538 2323; x_wconf 75' lang='lat'>³):</span> <span class='ocrx_word' id='word_1_178' title='bbox 1588 2237 2030 2299; x_wconf 80' lang='lat' dir='ltr'>convertimini</span> <span class='ocrx_word' id='word_1_179' title='bbox 2076 2236 2157 2300; x_wconf 87' lang='lat' dir='ltr'>ad</span> <span class='ocrx_word' id='word_1_180' title='bbox 2206 2259 2305 2300; x_wconf 89' lang='lat' dir='ltr'>me</span> <span class='ocrx_word' id='word_1_181' title='bbox 2351 2238 2414 2301; x_wconf 93' lang='lat' dir='ltr'>in</span> <span class='ocrx_word' id='word_1_182' title='bbox 2462 2248 2594 2302; x_wconf 87' lang='lat' dir='ltr'>toto</span> <span class='ocrx_word' id='word_1_183' title='bbox 2642 2237 2836 2302; x_wconf 88' lang='lat' dir='ltr'>corde</span> <span class='ocrx_word' id='word_1_184' title='bbox 2883 2248 3092 2303; x_wconf 81' lang='lat' dir='ltr'>vestro</span> <span class='ocrx_word' id='word_1_185' title='bbox 3107 2289 3126 2322; x_wconf 87' lang='lat'>‚</span> <span class='ocrx_word' id='word_1_186' title='bbox 3171 2240 3237 2302; x_wconf 92' lang='lat' dir='ltr'>in</span> 
     </span>
     <span class='ocr_line' id='line_1_20' title="bbox 570 2342 3237 2434; baseline -0.001 -24"><span class='ocrx_word' id='word_1_187' title='bbox 570 2348 835 2434; x_wconf 82' lang='lat' dir='ltr'>jejuniO,</span> <span class='ocrx_word' id='word_1_188' title='bbox 884 2346 946 2409; x_wconf 90' lang='lat' dir='ltr'>in</span> <span class='ocrx_word' id='word_1_189' title='bbox 994 2344 1145 2409; x_wconf 91' lang='lat' dir='ltr'>fletu</span> <span class='ocrx_word' id='word_1_190' title='bbox 1187 2353 1249 2407; x_wconf 91' lang='lat' dir='ltr'>et</span> <span class='ocrx_word' id='word_1_191' title='bbox 1294 2344 1584 2429; x_wconf 87' lang='lat' dir='ltr'>planctu!</span> <span class='ocrx_word' id='word_1_192' title='bbox 1677 2351 1741 2406; x_wconf 89' lang='lat' dir='ltr'>et</span> <span class='ocrx_word' id='word_1_193' title='bbox 1785 2342 1973 2427; x_wconf 87' lang='lat' dir='ltr'>paulo</span> <span class='ocrx_word' id='word_1_194' title='bbox 2022 2353 2164 2428; x_wconf 88' lang='lat' dir='ltr'>post</span> <span class='ocrx_word' id='word_1_195' title='bbox 2189 2345 2281 2428; x_wconf 82' lang='lat'>⁴):</span> <span class='ocrx_word' id='word_1_196' title='bbox 2325 2343 2713 2409; x_wconf 88' lang='lat' dir='ltr'>sanctificate</span> <span class='ocrx_word' id='word_1_197' title='bbox 2747 2345 3086 2431; x_wconf 87' lang='lat' dir='ltr'>jejunium,</span> <span class='ocrx_word' id='word_1_198' title='bbox 3129 2368 3237 2408; x_wconf 79' lang='lat' dir='ltr'>vo·</span> 
     </span>
     <span class='ocr_line' id='line_1_21' title="bbox 582 2447 3240 2538; baseline -0.002 -19"><span class='ocrx_word' id='word_1_199' title='bbox 582 2465 720 2519; x_wconf 88' lang='lat' dir='ltr'>cate</span> <span class='ocrx_word' id='word_1_200' title='bbox 767 2461 990 2517; x_wconf 90' lang='lat' dir='ltr'>cetum.</span> <span class='ocrx_word' id='word_1_201' title='bbox 1064 2450 1201 2515; x_wconf 87' lang='lat' dir='ltr'>Act.</span> <span class='ocrx_word' id='word_1_202' title='bbox 1242 2461 1320 2516; x_wconf 87' lang='lat'>13</span> <span class='ocrx_word' id='word_1_203' title='bbox 1351 2451 1434 2537; x_wconf 84' lang='lat'>⁶):</span> <span class='ocrx_word' id='word_1_204' title='bbox 1482 2447 1988 2513; x_wconf 85' lang='lat' dir='ltr'>ministrantibus</span> <span class='ocrx_word' id='word_1_205' title='bbox 2019 2455 2228 2514; x_wconf 90' lang='lat' dir='ltr'>autem</span> <span class='ocrx_word' id='word_1_206' title='bbox 2263 2449 2382 2514; x_wconf 88' lang='lat' dir='ltr'>illis</span> <span class='ocrx_word' id='word_1_207' title='bbox 2413 2449 2670 2516; x_wconf 88' lang='lat' dir='ltr'>domino</span> <span class='ocrx_word' id='word_1_208' title='bbox 2701 2458 2765 2516; x_wconf 89' lang='lat' dir='ltr'>et</span> <span class='ocrx_word' id='word_1_209' title='bbox 2798 2450 3240 2538; x_wconf 84' lang='lat' dir='ltr'>jejunantibus</span> 
     </span>
     <span class='ocr_line' id='line_1_22' title="bbox 581 2554 3322 2645; baseline -0.002 -21"><span class='ocrx_word' id='word_1_210' title='bbox 581 2561 745 2625; x_wconf 84' lang='lat' dir='ltr'>dixit</span> <span class='ocrx_word' id='word_1_211' title='bbox 812 2560 1068 2645; x_wconf 88' lang='lat' dir='ltr'>spiritus</span> <span class='ocrx_word' id='word_1_212' title='bbox 1135 2565 1418 2621; x_wconf 87' lang='lat' dir='ltr'>sanctus:</span> <span class='ocrx_word' id='word_1_213' title='bbox 1491 2563 1815 2642; x_wconf 82' lang='lat' dir='ltr'>segregate</span> <span class='ocrx_word' id='word_1_214' title='bbox 1876 2554 2025 2619; x_wconf 86' lang='lat' dir='ltr'>mihi</span> <span class='ocrx_word' id='word_1_215' title='bbox 2082 2555 2446 2620; x_wconf 86' lang='lat' dir='ltr'>Barnabam</span> <span class='ocrx_word' id='word_1_216' title='bbox 2506 2565 2571 2621; x_wconf 89' lang='lat' dir='ltr'>et</span> <span class='ocrx_word' id='word_1_217' title='bbox 2627 2557 2899 2623; x_wconf 89' lang='lat' dir='ltr'>Paulum</span> <span class='ocrx_word' id='word_1_218' title='bbox 2960 2560 3025 2623; x_wconf 92' lang='lat' dir='ltr'>in</span> <span class='ocrx_word' id='word_1_219' title='bbox 3083 2564 3322 2645; x_wconf 76' lang='lat' dir='ltr'>opus20</span> 
     </span>
     <span class='ocr_line' id='line_1_23' title="bbox 582 2664 3242 2753; baseline -0 -21"><span class='ocrx_word' id='word_1_220' title='bbox 582 2667 909 2732; x_wconf 77' lang='lat' dir='ltr'>ministerii</span> <span class='ocrx_word' id='word_1_221' title='bbox 955 2665 1039 2730; x_wconf 88' lang='lat' dir='ltr'>ad</span> <span class='ocrx_word' id='word_1_222' title='bbox 1085 2665 1255 2752; x_wconf 85' lang='lat' dir='ltr'>quod</span> <span class='ocrx_word' id='word_1_223' title='bbox 1304 2665 1583 2749; x_wconf 89' lang='lat' dir='ltr'>asumpsi</span> <span class='ocrx_word' id='word_1_224' title='bbox 1629 2686 1753 2728; x_wconf 87' lang='lat' dir='ltr'>eos.</span> <span class='ocrx_word' id='word_1_225' title='bbox 1846 2664 1990 2727; x_wconf 91' lang='lat' dir='ltr'>Act.</span> <span class='ocrx_word' id='word_1_226' title='bbox 2045 2674 2123 2729; x_wconf 85' lang='lat'>14</span> <span class='ocrx_word' id='word_1_227' title='bbox 2153 2665 2238 2747; x_wconf 78' lang='lat'>⁶):</span> <span class='ocrx_word' id='word_1_228' title='bbox 2286 2686 2431 2728; x_wconf 90' lang='lat' dir='ltr'>cum</span> <span class='ocrx_word' id='word_1_229' title='bbox 2481 2667 2951 2730; x_wconf 84' lang='lat' dir='ltr'>constituissent</span> <span class='ocrx_word' id='word_1_230' title='bbox 2994 2665 3084 2731; x_wconf 91' lang='lat' dir='ltr'>illi</span> <span class='ocrx_word' id='word_1_231' title='bbox 3127 2689 3242 2753; x_wconf 88' lang='lat' dir='ltr'>per</span> 
     </span>
     <span class='ocr_line' id='line_1_24' title="bbox 583 2770 3245 2859; baseline 0 -21"><span class='ocrx_word' id='word_1_232' title='bbox 583 2773 861 2859; x_wconf 85' lang='lat' dir='ltr'>singulas</span> <span class='ocrx_word' id='word_1_233' title='bbox 905 2771 1201 2837; x_wconf 87' lang='lat' dir='ltr'>ecclesias</span> <span class='ocrx_word' id='word_1_234' title='bbox 1232 2770 1611 2856; x_wconf 86' lang='lat' dir='ltr'>presbiteros</span> <span class='ocrx_word' id='word_1_235' title='bbox 1641 2778 1704 2835; x_wconf 89' lang='lat' dir='ltr'>et</span> <span class='ocrx_word' id='word_1_236' title='bbox 1735 2778 2020 2834; x_wconf 88' lang='lat' dir='ltr'>orassent</span> <span class='ocrx_word' id='word_1_237' title='bbox 2048 2792 2192 2834; x_wconf 90' lang='lat' dir='ltr'>cum</span> <span class='ocrx_word' id='word_1_238' title='bbox 2229 2770 2751 2856; x_wconf 87' lang='lat' dir='ltr'>jejunationibus,</span> <span class='ocrx_word' id='word_1_239' title='bbox 2782 2774 3245 2839; x_wconf 83' lang='lat' dir='ltr'>comendamnt</span> 
     </span>
     <span class='ocr_line' id='line_1_25' title="bbox 582 2875 3245 2965; baseline 0 -19"><span class='ocrx_word' id='word_1_240' title='bbox 582 2903 689 2946; x_wconf 85' lang='lat' dir='ltr'>eos</span> <span class='ocrx_word' id='word_1_241' title='bbox 734 2880 1006 2945; x_wconf 85' lang='lat' dir='ltr'>domino.</span> <span class='ocrx_word' id='word_1_242' title='bbox 1098 2887 1159 2941; x_wconf 91' lang='lat' dir='ltr'>et</span> <span class='ocrx_word' id='word_1_243' title='bbox 1203 2877 1374 2964; x_wconf 89' lang='lat' dir='ltr'>quod</span> <span class='ocrx_word' id='word_1_244' title='bbox 1420 2875 1688 2941; x_wconf 88' lang='lat' dir='ltr'>habetur</span> <span class='ocrx_word' id='word_1_245' title='bbox 1735 2887 1792 2941; x_wconf 81' lang='lat'>2.</span> <span class='ocrx_word' id='word_1_246' title='bbox 1819 2875 2099 2941; x_wconf 87' lang='lat' dir='ltr'>Corinth.</span> <span class='ocrx_word' id='word_1_247' title='bbox 2150 2886 2186 2943; x_wconf 83' lang='lat'>6</span> <span class='ocrx_word' id='word_1_248' title='bbox 2217 2878 2304 2965; x_wconf 81' lang='lat'>⁷):</span> <span class='ocrx_word' id='word_1_249' title='bbox 2364 2879 2428 2941; x_wconf 89' lang='lat' dir='ltr'>in</span> <span class='ocrx_word' id='word_1_250' title='bbox 2486 2877 2782 2943; x_wconf 87' lang='lat' dir='ltr'>omnibus</span> <span class='ocrx_word' id='word_1_251' title='bbox 2827 2878 3245 2946; x_wconf 82' lang='lat' dir='ltr'>exhibeamus</span> 
     </span>
     <span class='ocr_line' id='line_1_26' title="bbox 583 2981 3242 3072; baseline -0 -19"><span class='ocrx_word' id='word_1_252' title='bbox 583 3009 698 3053; x_wconf 82' lang='lat' dir='ltr'>nos</span> <span class='ocrx_word' id='word_1_253' title='bbox 743 2989 906 3051; x_wconf 89' lang='lat' dir='ltr'>sicut</span> <span class='ocrx_word' id='word_1_254' title='bbox 950 2985 1073 3049; x_wconf 91' lang='lat' dir='ltr'>Dei</span> <span class='ocrx_word' id='word_1_255' title='bbox 1119 2984 1451 3065; x_wconf 89' lang='lat' dir='ltr'>ministros,</span> <span class='ocrx_word' id='word_1_256' title='bbox 1496 2985 1561 3047; x_wconf 89' lang='lat' dir='ltr'>in</span> <span class='ocrx_word' id='word_1_257' title='bbox 1610 2981 1810 3048; x_wconf 87' lang='lat' dir='ltr'>multa</span> <span class='ocrx_word' id='word_1_258' title='bbox 1868 2985 2188 3069; x_wconf 83' lang='lat' dir='ltr'>patientia,</span> <span class='ocrx_word' id='word_1_259' title='bbox 2237 2986 2300 3048; x_wconf 90' lang='lat' dir='ltr'>in</span> <span class='ocrx_word' id='word_1_260' title='bbox 2348 2983 2691 3065; x_wconf 73' lang='lat' dir='ltr'>laboribuS,</span> <span class='ocrx_word' id='word_1_261' title='bbox 2737 2986 2804 3049; x_wconf 92' lang='lat' dir='ltr'>in</span> <span class='ocrx_word' id='word_1_262' title='bbox 2850 2986 3117 3072; x_wconf 80' lang='lat' dir='ltr'>vigiliis,</span> <span class='ocrx_word' id='word_1_263' title='bbox 3175 2989 3242 3052; x_wconf 88' lang='lat' dir='ltr'>in</span> 
     </span>
     <span class='ocr_line' id='line_1_27' title="bbox 572 3089 3324 3181; baseline 0 -22"><span class='ocrx_word' id='word_1_264' title='bbox 572 3093 849 3181; x_wconf 85' lang='lat' dir='ltr'>jejuniis.</span> <span class='ocrx_word' id='word_1_265' title='bbox 943 3092 995 3154; x_wconf 88' lang='lat' dir='ltr'>si</span> <span class='ocrx_word' id='word_1_266' title='bbox 1041 3092 1149 3177; x_wconf 91' lang='lat' dir='ltr'>qui</span> <span class='ocrx_word' id='word_1_267' title='bbox 1195 3112 1345 3153; x_wconf 82' lang='lat' dir='ltr'>vero</span> <span class='ocrx_word' id='word_1_268' title='bbox 1392 3089 1702 3154; x_wconf 83' lang='lat' dir='ltr'>dixerint:</span> <span class='ocrx_word' id='word_1_269' title='bbox 1767 3112 1890 3153; x_wconf 89' lang='lat' dir='ltr'>non</span> <span class='ocrx_word' id='word_1_270' title='bbox 1941 3089 2314 3155; x_wconf 87' lang='lat' dir='ltr'>damnamus</span> <span class='ocrx_word' id='word_1_271' title='bbox 2350 3091 2698 3177; x_wconf 87' lang='lat' dir='ltr'>jejunium,</span> <span class='ocrx_word' id='word_1_272' title='bbox 2760 3092 2931 3178; x_wconf 88' lang='lat' dir='ltr'>quod</span> <span class='ocrx_word' id='word_1_273' title='bbox 2978 3102 3044 3158; x_wconf 89' lang='lat' dir='ltr'>et</span> <span class='ocrx_word' id='word_1_274' title='bbox 3087 3095 3324 3159; x_wconf 71' lang='lat' dir='ltr'>reci-25</span> 
     </span>
     <span class='ocr_line' id='line_1_28' title="bbox 584 3195 3246 3287; baseline 0 -23"><span class='ocrx_word' id='word_1_275' title='bbox 584 3201 792 3285; x_wconf 89' lang='lat' dir='ltr'>pimus</span> <span class='ocrx_word' id='word_1_276' title='bbox 836 3207 900 3263; x_wconf 88' lang='lat' dir='ltr'>et</span> <span class='ocrx_word' id='word_1_277' title='bbox 945 3196 1029 3262; x_wconf 88' lang='lat' dir='ltr'>ad</span> <span class='ocrx_word' id='word_1_278' title='bbox 1074 3196 1337 3261; x_wconf 84' lang='lat' dir='ltr'>salutem</span> <span class='ocrx_word' id='word_1_279' title='bbox 1386 3195 1690 3282; x_wconf 88' lang='lat' dir='ltr'>proficere</span> <span class='ocrx_word' id='word_1_280' title='bbox 1734 3197 2038 3278; x_wconf 82' lang='lat' dir='ltr'>fatemur3</span> <span class='ocrx_word' id='word_1_281' title='bbox 2085 3196 2195 3261; x_wconf 89' lang='lat' dir='ltr'>sed</span> <span class='ocrx_word' id='word_1_282' title='bbox 2239 3196 2551 3263; x_wconf 88' lang='lat' dir='ltr'>humanas</span> <span class='ocrx_word' id='word_1_283' title='bbox 2596 3200 3075 3263; x_wconf 88' lang='lat' dir='ltr'>constitutiones</span> <span class='ocrx_word' id='word_1_284' title='bbox 3120 3223 3246 3287; x_wconf 87' lang='lat' dir='ltr'>que</span> 
     </span>
     <span class='ocr_line' id='line_1_29' title="bbox 584 3301 3244 3391; baseline 0 -21"><span class='ocrx_word' id='word_1_285' title='bbox 584 3305 668 3370; x_wconf 87' lang='lat' dir='ltr'>ad</span> <span class='ocrx_word' id='word_1_286' title='bbox 713 3328 789 3370; x_wconf 84' lang='lat' dir='ltr'>ea</span> <span class='ocrx_word' id='word_1_287' title='bbox 833 3306 1011 3369; x_wconf 88' lang='lat' dir='ltr'>statis</span> <span class='ocrx_word' id='word_1_288' title='bbox 1056 3302 1441 3390; x_wconf 89' lang='lat' dir='ltr'>temporibus</span> <span class='ocrx_word' id='word_1_289' title='bbox 1488 3303 1956 3389; x_wconf 90' lang='lat' dir='ltr'>prestitutisque</span> <span class='ocrx_word' id='word_1_290' title='bbox 2001 3301 2226 3367; x_wconf 86' lang='lat' dir='ltr'>diebus</span> <span class='ocrx_word' id='word_1_291' title='bbox 2282 3305 2495 3369; x_wconf 87' lang='lat' dir='ltr'>multis</span> <span class='ocrx_word' id='word_1_292' title='bbox 2555 3305 2795 3391; x_wconf 89' lang='lat' dir='ltr'>laqueis</span> <span class='ocrx_word' id='word_1_293' title='bbox 2855 3328 2972 3369; x_wconf 92' lang='lat' dir='ltr'>nos</span> <span class='ocrx_word' id='word_1_294' title='bbox 3015 3309 3244 3371; x_wconf 86' lang='lat' dir='ltr'>astrin-</span> 
     </span>
     <span class='ocr_line' id='line_1_30' title="bbox 583 3408 3244 3498; baseline -0 -22"><span class='ocrx_word' id='word_1_295' title='bbox 583 3418 778 3497; x_wconf 82' lang='lat' dir='ltr'>guut3</span> <span class='ocrx_word' id='word_1_296' title='bbox 845 3417 1181 3498; x_wconf 90' lang='lat' dir='ltr'>propterea</span> <span class='ocrx_word' id='word_1_297' title='bbox 1240 3409 1406 3496; x_wconf 89' lang='lat' dir='ltr'>quod</span> <span class='ocrx_word' id='word_1_298' title='bbox 1472 3432 1585 3473; x_wconf 90' lang='lat' dir='ltr'>sua</span> <span class='ocrx_word' id='word_1_299' title='bbox 1645 3409 1971 3474; x_wconf 86' lang='lat' dir='ltr'>voluntate</span> <span class='ocrx_word' id='word_1_300' title='bbox 2032 3408 2316 3475; x_wconf 90' lang='lat' dir='ltr'>homines</span> <span class='ocrx_word' id='word_1_301' title='bbox 2374 3411 2438 3473; x_wconf 92' lang='lat' dir='ltr'>id</span> <span class='ocrx_word' id='word_1_302' title='bbox 2497 3412 2710 3476; x_wconf 82' lang='lat' dir='ltr'>facere</span> <span class='ocrx_word' id='word_1_303' title='bbox 2770 3410 3048 3493; x_wconf 87' lang='lat' dir='ltr'>debent,</span> <span class='ocrx_word' id='word_1_304' title='bbox 3117 3436 3244 3476; x_wconf 88' lang='lat' dir='ltr'>non</span> 
     </span>
     <span class='ocr_line' id='line_1_31' title="bbox 584 3514 3247 3606; baseline -0 -24"><span class='ocrx_word' id='word_1_305' title='bbox 584 3525 797 3582; x_wconf 83' lang='lat' dir='ltr'>autem</span> <span class='ocrx_word' id='word_1_306' title='bbox 844 3517 1108 3603; x_wconf 87' lang='lat' dir='ltr'>cogendi</span> <span class='ocrx_word' id='word_1_307' title='bbox 1156 3524 1334 3581; x_wconf 85' lang='lat' dir='ltr'>sunt:</span> <span class='ocrx_word' id='word_1_308' title='bbox 1393 3538 1537 3580; x_wconf 93' lang='lat' dir='ltr'>cum</span> <span class='ocrx_word' id='word_1_309' title='bbox 1588 3515 1726 3602; x_wconf 88' lang='lat' dir='ltr'>jam</span> <span class='ocrx_word' id='word_1_310' title='bbox 1785 3514 2046 3580; x_wconf 89' lang='lat' dir='ltr'>laudent</span> <span class='ocrx_word' id='word_1_311' title='bbox 2091 3516 2406 3603; x_wconf 90' lang='lat' dir='ltr'>jejunium</span> <span class='ocrx_word' id='word_1_312' title='bbox 2465 3526 2530 3581; x_wconf 91' lang='lat' dir='ltr'>et</span> <span class='ocrx_word' id='word_1_313' title='bbox 2574 3541 2613 3581; x_wconf 84' lang='lat' dir='ltr'>a</span> <span class='ocrx_word' id='word_1_314' title='bbox 2656 3517 3039 3606; x_wconf 82' lang='lat' dir='ltr'>quibusdam</span> <span class='ocrx_word' id='word_1_315' title='bbox 3090 3519 3247 3584; x_wconf 81' lang='lat' dir='ltr'>cibis</span> 
     </span>
     <span class='ocr_line' id='line_1_32' title="bbox 586 3621 3332 3711; baseline 0 -22"><span class='ocrx_word' id='word_1_316' title='bbox 586 3624 964 3711; x_wconf 87' lang='lat' dir='ltr'>quandoque</span> <span class='ocrx_word' id='word_1_317' title='bbox 1024 3622 1340 3687; x_wconf 88' lang='lat' dir='ltr'>abstinere</span> <span class='ocrx_word' id='word_1_318' title='bbox 1399 3621 1638 3687; x_wconf 91' lang='lat' dir='ltr'>bouum</span> <span class='ocrx_word' id='word_1_319' title='bbox 1697 3645 1833 3686; x_wconf 86' lang='lat' dir='ltr'>esse</span> <span class='ocrx_word' id='word_1_320' title='bbox 1891 3622 2238 3705; x_wconf 88' lang='lat' dir='ltr'>fateantur,</span> <span class='ocrx_word' id='word_1_321' title='bbox 2299 3646 2686 3710; x_wconf 85' lang='lat' dir='ltr'>consequens</span> <span class='ocrx_word' id='word_1_322' title='bbox 2741 3634 2837 3689; x_wconf 86' lang='lat' dir='ltr'>est</span> <span class='ocrx_word' id='word_1_323' title='bbox 2896 3634 2968 3689; x_wconf 89' lang='lat' dir='ltr'>ut</span> <span class='ocrx_word' id='word_1_324' title='bbox 3014 3630 3332 3711; x_wconf 64' lang='lat' dir='ltr'>negareffl</span> 
     </span>
     <span class='ocr_line' id='line_1_33' title="bbox 585 3729 3244 3817; baseline 0.001 -23"><span class='ocrx_word' id='word_1_325' title='bbox 585 3739 901 3817; x_wconf 86' lang='lat' dir='ltr'>nequeant</span> <span class='ocrx_word' id='word_1_326' title='bbox 943 3730 1145 3815; x_wconf 86' lang='lat' dir='ltr'>legem</span> <span class='ocrx_word' id='word_1_327' title='bbox 1178 3729 1349 3816; x_wconf 91' lang='lat' dir='ltr'>quod</span> <span class='ocrx_word' id='word_1_328' title='bbox 1394 3736 1639 3794; x_wconf 89' lang='lat' dir='ltr'>rectum</span> <span class='ocrx_word' id='word_1_329' title='bbox 1682 3738 1777 3793; x_wconf 89' lang='lat' dir='ltr'>est</span> <span class='ocrx_word' id='word_1_330' title='bbox 1820 3737 1883 3794; x_wconf 92' lang='lat' dir='ltr'>et</span> <span class='ocrx_word' id='word_1_331' title='bbox 1927 3729 2162 3794; x_wconf 90' lang='lat' dir='ltr'>bouum</span> <span class='ocrx_word' id='word_1_332' title='bbox 2213 3737 2589 3795; x_wconf 82' lang='lat' dir='ltr'>statuentem</span> <span class='ocrx_word' id='word_1_333' title='bbox 2636 3733 2895 3796; x_wconf 88' lang='lat' dir='ltr'>minime</span> <span class='ocrx_word' id='word_1_334' title='bbox 2941 3733 3244 3798; x_wconf 86' lang='lat' dir='ltr'>damnan-</span> 
     </span>
     <span class='ocr_line' id='line_1_34' title="bbox 588 3836 3249 3926; baseline 0.001 -25"><span class='ocrx_word' id='word_1_335' title='bbox 588 3837 753 3901; x_wconf 88' lang='lat' dir='ltr'>dam.</span> <span class='ocrx_word' id='word_1_336' title='bbox 832 3836 998 3922; x_wconf 92' lang='lat' dir='ltr'>quod</span> <span class='ocrx_word' id='word_1_337' title='bbox 1048 3838 1098 3899; x_wconf 90' lang='lat' dir='ltr'>si</span> <span class='ocrx_word' id='word_1_338' title='bbox 1146 3836 1587 3901; x_wconf 88' lang='lat' dir='ltr'>contenderint</span> <span class='ocrx_word' id='word_1_339' title='bbox 1629 3859 1757 3901; x_wconf 89' lang='lat' dir='ltr'>non</span> <span class='ocrx_word' id='word_1_340' title='bbox 1805 3838 2013 3900; x_wconf 85' lang='lat' dir='ltr'>omnia</span> <span class='ocrx_word' id='word_1_341' title='bbox 2062 3836 2318 3901; x_wconf 83' lang='lat' dir='ltr'>meliora</span> <span class='ocrx_word' id='word_1_342' title='bbox 2364 3860 2481 3902; x_wconf 90' lang='lat' dir='ltr'>nec</span> <span class='ocrx_word' id='word_1_343' title='bbox 2528 3840 2770 3923; x_wconf 87' lang='lat' dir='ltr'>optima</span> <span class='ocrx_word' id='word_1_344' title='bbox 2814 3862 3066 3926; x_wconf 87' lang='lat' dir='ltr'>queque</span> <span class='ocrx_word' id='word_1_345' title='bbox 3111 3839 3249 3926; x_wconf 81' lang='lat' dir='ltr'>lege</span> 
     </span>
    </p>
   </div>
   <div class='ocr_carea' id='block_1_4' title="bbox 729 4066 2099 4117">
    <p class='ocr_par' dir='ltr' id='par_1_5' title="bbox 729 4066 2099 4117">
     <span class='ocr_line' id='line_1_35' title="bbox 729 4066 2099 4117; baseline -0.001 -11"><span class='ocrx_word' id='word_1_346' title='bbox 729 4070 775 4116; x_wconf 68' lang='lat' dir='ltr'>a)</span> <span class='ocrx_word' id='word_1_347' title='bbox 801 4066 949 4117; x_wconf 70' lang='lat' dir='ltr'>Fozqen</span> <span class='ocrx_word' id='word_1_348' title='bbox 975 4067 1007 4108; x_wconf 78' lang='lat'><em>2</em></span> <span class='ocrx_word' id='word_1_349' title='bbox 1032 4067 1162 4107; x_wconf 69' lang='lat' dir='ltr'>durch</span> <span class='ocrx_word' id='word_1_350' title='bbox 1192 4066 1473 4108; x_wconf 59' lang='lat' dir='ltr'>Ansam-eichen</span> <span class='ocrx_word' id='word_1_351' title='bbox 1501 4067 1693 4107; x_wconf 67' lang='grc' dir='ltr'>«ηἱωὸαν</span> <span class='ocrx_word' id='word_1_352' title='bbox 1715 4068 1923 4117; x_wconf 61' lang='lat' dir='ltr'>gemaene</span> <span class='ocrx_word' id='word_1_353' title='bbox 1951 4066 2099 4106; x_wconf 68' lang='lat' dir='ltr'>Zet&#39;lou.</span> 
     </span>
    </p>
   </div>
   <div class='ocr_carea' id='block_1_5' title="bbox 731 4173 3326 4776">
    <p class='ocr_par' dir='ltr' id='par_1_6' title="bbox 734 4173 2692 4248">
     <span class='ocr_line' id='line_1_36' title="bbox 734 4173 2692 4248; baseline 0.001 -21"><span class='ocrx_word' id='word_1_354' title='bbox 734 4174 774 4235; x_wconf 76' lang='lat'>¹)</span> <span class='ocrx_word' id='word_1_355' title='bbox 812 4173 1114 4228; x_wconf 60' lang='lat' dir='ltr'>Haretiker</span> <span class='ocrx_word' id='word_1_356' title='bbox 1152 4173 1244 4229; x_wconf 77' lang='lat' dir='ltr'>des</span> <span class='ocrx_word' id='word_1_357' title='bbox 1280 4178 1329 4228; x_wconf 76' lang='lat'>4.</span> <span class='ocrx_word' id='word_1_358' title='bbox 1368 4174 1799 4240; x_wconf 61' lang='lat' dir='ltr'>Jahrhnmderts,</span> <span class='ocrx_word' id='word_1_359' title='bbox 1840 4174 2052 4242; x_wconf 61' lang='grc' dir='ltr'>(ἤφιεν</span> <span class='ocrx_word' id='word_1_360' title='bbox 2090 4174 2182 4229; x_wconf 75' lang='lat' dir='ltr'>des</span> <span class='ocrx_word' id='word_1_361' title='bbox 2219 4175 2268 4227; x_wconf 76' lang='lat' dir='ltr'>h.</span> <span class='ocrx_word' id='word_1_362' title='bbox 2307 4175 2692 4248; x_wconf 66' lang='lat' dir='ltr'>Hieronymus.</span> 
     </span>
    </p>

    <p class='ocr_par' dir='ltr' id='par_1_7' title="bbox 736 4261 3326 4415">
     <span class='ocr_line' id='line_1_37' title="bbox 736 4261 3326 4325; baseline -0 -8"><span class='ocrx_word' id='word_1_363' title='bbox 736 4261 775 4325; x_wconf 68' lang='lat'>⁹)</span> <span class='ocrx_word' id='word_1_364' title='bbox 814 4263 1004 4317; x_wconf 83' lang='lat' dir='ltr'><strong><em>3M08.</em></strong></span> <span class='ocrx_word' id='word_1_365' title='bbox 1041 4268 1118 4318; x_wconf 81' lang='lat'>23</span> <span class='ocrx_word' id='word_1_366' title='bbox 1152 4282 1196 4318; x_wconf 84' lang='lat' dir='ltr'>v.</span> <span class='ocrx_word' id='word_1_367' title='bbox 1234 4268 1322 4317; x_wconf 78' lang='lat'>29.</span> <span class='ocrx_word' id='word_1_368' title='bbox 3261 4261 3326 4316; x_wconf 70' lang='lat'>³5</span> 
     </span>
     <span class='ocr_line' id='line_1_38' title="bbox 736 4351 1205 4415; baseline 0.002 -9"><span class='ocrx_word' id='word_1_369' title='bbox 736 4351 775 4415; x_wconf 77' lang='lat'>³)</span> <span class='ocrx_word' id='word_1_370' title='bbox 815 4351 933 4407; x_wconf 73' lang='lat' dir='ltr'>Joel</span> <span class='ocrx_word' id='word_1_371' title='bbox 967 4355 1007 4406; x_wconf 74' lang='lat'><em>2</em></span> <span class='ocrx_word' id='word_1_372' title='bbox 1040 4371 1085 4407; x_wconf 88' lang='lat' dir='ltr'>v.</span> <span class='ocrx_word' id='word_1_373' title='bbox 1120 4356 1205 4407; x_wconf 82' lang='lat'>12.</span> 
     </span>
    </p>

    <p class='ocr_par' dir='ltr' id='par_1_8' title="bbox 731 4439 1207 4503">
     <span class='ocr_line' id='line_1_39' title="bbox 731 4439 1207 4503; baseline 0.002 -9"><span class='ocrx_word' id='word_1_374' title='bbox 731 4439 775 4503; x_wconf 83' lang='lat'>⁴)</span> <span class='ocrx_word' id='word_1_375' title='bbox 812 4440 934 4494; x_wconf 78' lang='lat' dir='ltr'>Joel</span> <span class='ocrx_word' id='word_1_376' title='bbox 966 4444 1006 4495; x_wconf 80' lang='lat'><strong><em>2</em></strong></span> <span class='ocrx_word' id='word_1_377' title='bbox 1034 4458 1084 4494; x_wconf 89' lang='lat' dir='ltr'>v.</span> <span class='ocrx_word' id='word_1_378' title='bbox 1125 4444 1207 4495; x_wconf 79' lang='lat'>15.</span> 
     </span>
    </p>

    <p class='ocr_par' dir='ltr' id='par_1_9' title="bbox 736 4527 1223 4598">
     <span class='ocr_line' id='line_1_40' title="bbox 736 4527 1223 4598; baseline 0 -15"><span class='ocrx_word' id='word_1_379' title='bbox 736 4527 778 4598; x_wconf 81' lang='lat'>⁸)</span> <span class='ocrx_word' id='word_1_380' title='bbox 814 4529 939 4584; x_wconf 78' lang='lat' dir='ltr'>Act.</span> <span class='ocrx_word' id='word_1_381' title='bbox 978 4532 1047 4584; x_wconf 86' lang='lat'>13</span> <span class='ocrx_word' id='word_1_382' title='bbox 1080 4547 1131 4584; x_wconf 89' lang='lat' dir='ltr'>v.</span> <span class='ocrx_word' id='word_1_383' title='bbox 1168 4534 1223 4585; x_wconf 80' lang='lat'>2.</span> 
     </span>
    </p>

    <p class='ocr_par' dir='ltr' id='par_1_10' title="bbox 732 4615 1258 4681">
     <span class='ocr_line' id='line_1_41' title="bbox 732 4615 1258 4681; baseline 0.004 -9"><span class='ocrx_word' id='word_1_384' title='bbox 732 4615 774 4681; x_wconf 81' lang='lat'>⁸)</span> <span class='ocrx_word' id='word_1_385' title='bbox 813 4619 938 4672; x_wconf 76' lang='lat' dir='ltr'>Act.</span> <span class='ocrx_word' id='word_1_386' title='bbox 978 4621 1048 4673; x_wconf 76' lang='lat'>14</span> <span class='ocrx_word' id='word_1_387' title='bbox 1083 4636 1132 4674; x_wconf 84' lang='lat' dir='ltr'>v.</span> <span class='ocrx_word' id='word_1_388' title='bbox 1169 4622 1258 4674; x_wconf 75' lang='lat'>23.</span> 
     </span>
    </p>

    <p class='ocr_par' dir='ltr' id='par_1_11' title="bbox 739 4703 3322 4776">
     <span class='ocr_line' id='line_1_42' title="bbox 739 4703 3322 4776; baseline -0.001 -15"><span class='ocrx_word' id='word_1_389' title='bbox 739 4703 775 4776; x_wconf 79' lang='grc'>7)</span> <span class='ocrx_word' id='word_1_390' title='bbox 814 4711 852 4761; x_wconf 79' lang='lat'><strong><em>2</em></strong></span> <span class='ocrx_word' id='word_1_391' title='bbox 878 4708 998 4762; x_wconf 81' lang='lat' dir='ltr'>Cor.</span> <span class='ocrx_word' id='word_1_392' title='bbox 1038 4710 1073 4760; x_wconf 77' lang='lat'><em>6</em></span> <span class='ocrx_word' id='word_1_393' title='bbox 1110 4725 1155 4762; x_wconf 81' lang='grc' dir='ltr'>υ.</span> <span class='ocrx_word' id='word_1_394' title='bbox 1194 4712 1244 4763; x_wconf 75' lang='grc'>4.</span> <span class='ocrx_word' id='word_1_395' title='bbox 3259 4705 3322 4759; x_wconf 77' lang='lat'>40</span> 
     </span>
    </p>
   </div>
   <div class='ocr_carea' id='block_1_6' title="bbox 3489 386 3498 3609">
    <p class='ocr_par' dir='ltr' id='par_1_12' title="bbox 3489 386 3498 3609">
     <span class='ocr_line' id='line_1_43' title="bbox 3489 386 3498 3609; baseline 0 0"><span class='ocrx_word' id='word_1_396' title='bbox 3489 386 3498 3609; x_wconf 95' lang='lat' dir='ltr'> </span> 
     </span>
    </p>
   </div>
  </div>
 </body>
</html>
