3500 5300
569 359 673 422 140
1463 361 1564 415 No.
1603 362 1701 415 42:
1741 361 1880 415 1533
1917 359 2208 413 November
2245 360 2330 414 18.

357 562 495 612 1533
566 558 988 623 scrivermene
1031 558 1157 623 due
1202 556 1379 643 righe
1394 607 1412 639 ,
1459 556 1574 622 che
1621 555 1663 619 il
1709 577 1779 621 re
1824 578 1904 620 ne
1950 562 2045 621 sta
2091 555 2503 620 attentissimo
2549 554 2612 618 di
2660 552 2897 619 volerlo
2943 553 3234 618 intendet

300 630 437 684 Νου·
478 636 549 685 18
566 672 628 729 et
672 671 835 729 tutta
879 671 976 729 sta
1020 671 1193 730 corte
1238 672 1302 729 et
1347 670 1511 730 tutta
1555 662 1921 745 Germania,
1968 670 2031 727 et
2075 663 2173 727 sin
2218 668 2463 726 attanto
2509 660 2625 726 che
2671 683 2797 725 non
2845 682 2911 723 se
2957 682 3036 725 ne
3067 660 3235 725 veda

566 768 754 835 alcun
800 770 1011 836 effetto
1059 772 1330 856 seguito,
1378 772 1430 835 si
1474 770 1665 835 fauno
1711 768 1772 834 le
1817 770 2106 855 maggior
2150 774 2214 833 et
2258 769 2371 855 piu
2418 767 2729 833 horrende
2785 766 3083 853 chymere
3129 766 3233 831 del

567 877 836 960 monde,
896 887 960 942 et
1019 879 1127 963 gia
1183 878 1250 941 vi
1296 899 1449 942 sono
1510 878 1657 941 stati
1717 877 1786 941 di
1842 877 2220 962 personaggi
2280 875 2344 939 di
2407 881 2628 962 questa
2685 882 2860 939 corte
2920 872 3234 938 ch'hanno

569 992 865 1070 proposto
912 985 1142 1071 partito
1187 983 1249 1048 al
1293 1006 1363 1048 re
1407 983 1475 1048 di
1519 982 1665 1071 quel
1711 981 1829 1047 che
1875 983 2006 1048 Sua
2050 981 2297 1046 Maesta
2342 981 2604 1048 doveria
2663 981 2830 1061 fare,
2891 1002 2957 1045 se
3001 978 3235 1045 Nostro
3288 989 3323 1042 5

570 1090 835 1176 Signore
881 1092 933 1156 si
995 1090 1258 1155 havesse
1303 1114 1343 1155 a
1387 1089 1739 1155 dechiarire
1807 1089 1920 1175 piu
1989 1090 2056 1153 in
2124 1112 2254 1153 una
2322 1095 2501 1175 parte
2569 1086 2685 1153 che
2753 1088 2815 1151 in
2881 1109 3011 1151 una
3055 1085 3235 1151 altra.

570 1199 841 1263 credatis
887 1197 1039 1262 mihi
1087 1196 1202 1263 che
1249 1199 1316 1262 vi
1361 1220 1512 1263 sono
1559 1198 1623 1261 in
1672 1203 1765 1260 ste
1812 1197 2126 1283 provintie
2158 1195 2395 1260 multae
2440 1194 2643 1259 malae
2690 1200 2931 1259 mentes
2976 1201 3040 1257 et
3083 1192 3236 1258 mali

568 1306 763 1369 animi
794 1314 986 1392 atque
1016 1305 1266 1370 adversi
1313 1327 1438 1369 non
1470 1304 1658 1369 modo
1689 1303 1974 1390 pontifici
2020 1312 2210 1389 atque
2256 1301 2501 1385 Italiae,
2547 1302 2657 1365 sed
2695 1300 2946 1365 adversi
2979 1322 3239 1386 prorsus

569 1420 633 1478 et
676 1412 822 1477 fidei
870 1412 1217 1477 catholicae
1264 1419 1327 1477 et
1370 1411 1414 1476 J
1416 1435 1526 1476 esu
1574 1409 1846 1492 Christo,
1893 1409 2214 1474 Servatori
2260 1417 2506 1491 nostro,
2563 1414 2626 1473 et
2686 1428 2795 1491 per
2855 1406 2898 1471 il
2946 1429 3128 1472 senso
3176 1416 3241 1471 et

570 1519 802 1584 iudicio
849 1521 975 1585 mio
1021 1543 1148 1584 non
1196 1521 1247 1584 si
1293 1542 1364 1584 sa
1409 1521 1475 1583 in
1521 1516 1724 1602 Italia,
1771 1539 1899 1582 non
1947 1518 1997 1581 si
2044 1540 2115 1581 sa
2159 1522 2397 1604 quanto
2444 1517 2578 1580 sian
2623 1517 2831 1601 guasti
2863 1515 3041 1602 quasi
3089 1515 3239 1579 tutti
3266 1523 3330 1576 10

571 1629 773 1713 questi
820 1628 1034 1692 animi.

750 1733 1042 1820 Philippo
1089 1733 1445 1815 Melanton·‚
1508 1731 1739 1797 huomo
1787 1731 1852 1797 di
1898 1731 2095 1796 molta
2139 1730 2451 1795 erudition
2498 1736 2561 1794 et
2604 1728 2994 1816 eloquentia,
3041 1725 3087 1792 il
3136 1729 3241 1792 eui

572 1863 756 1905 nome
815 1840 850 1903 ὲ
913 1839 1034 1904 ben
1093 1846 1240 1903 noto
1300 1861 1340 1903 a
1386 1838 1614 1904 Nostro
1661 1840 1948 1925 Signore,
2012 1837 2091 1902 ha
2139 1835 2292 1901 hora
2336 1834 2859 1901 irreconciliabile
2916 1835 3060 1899 odio
3117 1857 3240 1899 con

573 1945 850 2011 Luthero
895 1955 958 2011 et
1003 1953 1197 2013 tratta
1243 1946 1339 2011 col
1386 1968 1656 2012 vescovo
1703 1944 2057 2027 Culmense‚
2104 1943 2220 2010 che
2266 1944 2302 2007 ὲ
2349 1942 2389 2007 il
2437 1942 2747 2006 Dantisco
2780 1942 2850 2031 ¹),
2896 1942 2962 2007 di
3009 1941 3239 2006 andar-

573 2077 721 2119 sene
766 2077 806 2118 a
851 2060 982 2118 star
1026 2076 1145 2117 con
1193 2052 1322 2118 Sua
1368 2052 1657 2137 Signoria
1718 2054 1784 2116 in
1833 2050 2097 2116 Polonia
2156 2073 2197 2114 a
2243 2051 2425 2113 viver
2483 2056 2546 2113 et
2601 2050 2840 2113 scriver
2900 2047 3332 2114 catholica-15

575 2169 796 2226 mente.
890 2162 1019 2225 cosi
1068 2161 1270 2225 scrive
1317 2158 1358 2223 il
1406 2182 1679 2224 vescovo
1725 2158 2035 2245 predett0‚
2080 2166 2145 2224 et
2189 2158 2357 2221 saria
2403 2157 2620 2221 invero
2667 2155 2732 2219 di
2766 2153 2937 2219 buon
2969 2156 3238 2220 comodo

574 2267 694 2333 alle
740 2290 882 2333 cose
927 2266 1094 2333 della
1138 2274 1322 2332 santa
1365 2265 1522 2330 fede.
1616 2265 1863 2331 haveva
1918 2266 1979 2329 io
2026 2288 2114 2330 un
2159 2270 2416 2329 trattato
2471 2269 2711 2327 secreto
2772 2262 2837 2327 di
2896 2261 3139 2326 ridurlo
3201 2285 3241 2327 a

575 2384 796 2462 questa
826 2373 1043 2439 buona
1088 2376 1213 2457 via,
1259 2398 1367 2439 ma
1411 2375 1467 2438 ci
1515 2373 1697 2439 basta
1727 2371 1983 2460 quando
2029 2393 2167 2437 esso
2214 2369 2427 2456 voglia
2466 2370 2647 2434 viver
2690 2371 2756 2434 in
2786 2367 3052 2434 Polonia
3078 2368 3135 2457 ⁸)
3164 2370 3237 2454 ²).

717 2625 762 2670 a)
790 2624 981 2677 Ansauqs
1016 2626 1113 2676 hic]
1150 2625 1222 2665 der
1249 2624 1432 2665 Passus.-
1470 2622 1517 2664 di
1553 2622 1717 2665 ridurlo
1756 2633 1783 2663 ι
1811 2633 1961 2664 essere
2000 2621 2120 2663 dalla
2160 2621 2303 2663 banda
2338 2621 2508 2668 nostra,
2546 2630 2615 2660 ma
2654 2617 2733 2660 ss'l
2775 2618 2941 2670 prende
2971 2617 3123 2668 quens
3151 2618 3238 2666 via,
3257 2675 3337 2727 20

574 2698 616 2739 ci
648 2699 790 2738 basta.

728 2786 769 2857 ¹)
808 2787 1088 2842 Johannes
1142 2788 1193 2841 V
1223 2786 1553 2852 Dantiscus,
1605 2784 1848 2850 Bischof
1884 2802 1995 2839 von
2042 2785 2215 2839 Kulm
2268 2786 2651 2850 1530—1537,·
2707 2783 2829 2836 laut
2873 2781 3019 2835 eines
3065 2782 3239 2836 Breve

577 2893 693 2930 vom
731 2880 806 2930 21
842 2875 1016 2943 April
1052 2880 1192 2929 1533
1230 2875 1423 2944 (Arch.
1464 2875 1587 2928 Vat.
1627 2874 1782 2928 Arm.
1805 2874 1874 2927 39
1911 2873 2033 2929 Vol.
2064 2876 2135 2928 53
2172 2892 2225 2944 p.
2266 2875 2461 2943 570sq.
2501 2890 2582 2925 nr.
2608 2869 2736 2941 174)
2775 2888 2893 2925 war
2929 2870 3241 2925 Dantiscus

581 2966 798 3019 damals
841 2964 1149 3020 Gesandter
1187 2965 1277 3020 des
1314 2964 1531 3034 Koniys
1567 2982 1671 3018 von
1708 2963 1881 3017 Polen
1919 2964 2055 3017 beim
2092 2962 2314 3017 Kaiser.

722 3053 767 3122 ²)
805 3054 939 3120 Aus
965 3055 1065 3109 wc'e
1113 3055 1286 3123 weniy
1334 3053 1592 3109 sicherem
1632 3053 1864 3107 ernde
1910 3052 2057 3106 auch
2106 3051 2195 3105 die
2246 3051 2535 3121 Hoffnuny
2587 3051 2685 3106 der
2733 3049 3069 3103 Katholiken
3118 3049 3240 3103 und

578 3136 846 3199 Curialen
894 3144 1114 3197 beruhte
1130 3184 1146 3211 ‚
1189 3143 1583 3198 Melanchthcm
1619 3159 1725 3196 von
1761 3141 1971 3195 Luther
2004 3159 2075 3196 :m
2114 3146 2344 3195 trennen
2380 3140 2502 3194 und
2538 3139 2637 3206 fiir
2681 3140 2799 3194 sich
2832 3156 2903 3192 zu
2934 3138 3239 3208 yewt'rmen,
3258 3136 3338 3188 25

577 3249 637 3287 so
680 3234 867 3287 sichen
913 3232 1028 3286 sich
1067 3231 1205 3287 doeh
1240 3249 1344 3287 von
1389 3231 1508 3285 dem
1543 3230 1902 3299 Anysburyer
1938 3230 2235 3299 Reichstaq
2272 3230 2341 3283 ab
2379 3229 2469 3283 die
2518 3228 3014 3296 Veram-staltunyen
3051 3227 3241 3280 hies-zu

577 3323 709 3376 iiber
755 3323 875 3376 eine
923 3322 1083 3390 lanqe
1119 3321 1289 3376 Reihe
1341 3336 1450 3374 von
1486 3320 1698 3374 Jahren
1745 3318 1861 3372 hin.
1934 3318 2006 3372 So
2046 3319 2115 3372 ist
2151 3319 2319 3373 sehon
2368 3319 2429 3371 in
2475 3317 2583 3371 den
2618 3315 3241 3385 Nuntiaturdepeschen

579 3427 683 3465 von
718 3411 1014 3474 1531s1532
1049 3407 1331 3474 mehr-sach
1378 3425 1483 3464 von
1519 3409 1694 3463 dieser
1728 3408 2159 3477 Anyeleyenheit
2205 3407 2293 3461 die
2329 3407 2483 3462 Rede
2541 3406 2825 3471 (Lammer
2864 3406 3015 3460 Mon.
3062 3405 3239 3460 Vatis.

577 3517 693 3555 ππ.
733 3503 818 3554 63.
859 3504 946 3554 72.
982 3503 1074 3553 80.
1114 3503 1235 3567 97),
1284 3500 1422 3553 ohne
1469 3494 1590 3565 dass
1634 3515 1767 3551 man
1813 3495 2031 3562 sreilich
2080 3514 2184 3551 aus
2220 3497 2319 3550 der
2353 3495 2514 3550 Stelle
2551 3495 2690 3549 kam.
2764 3494 2853 3548 Im
2890 3495 3060 3549 Jahn
3099 3499 3242 3548 1533

577 3590 744 3643 nolum
791 3588 955 3642 darm
1000 3588 1251 3658 Verqerio
1300 3589 1390 3641 die
1428 3587 1601 3643 Saclae
1652 3586 1787 3653 auf,
1843 3586 1945 3640 wie
1989 3587 2108 3641 sich
2153 3602 2257 3640 aus
2305 3586 2477 3639 ciuem
2515 3584 2703 3650 Briese
2755 3583 2847 3638 des
2894 3583 3242 3653 kliniylichen
3258 3582 3337 3635 30

584 3679 811 3733 Oratore
847 3678 1091 3734 Sanchez
1136 3678 1200 3731 in
1236 3677 1379 3731 Rom
1428 3693 1507 3730 an
1553 3677 1654 3730 ilm
1702 3691 1819 3730 vom
1865 3678 1942 3730 20
1978 3675 2102 3729 Juzi
2149 3674 2353 3744 erqiebt
2402 3673 2696 3743 (Venediy,
2734 3673 2881 3727 Bibl.
2919 3673 3105 3726 Marc.
3142 3672 3239 3726 lat.

579 3769 649 3823 ol.
687 3768 772 3821 IX
811 3767 928 3822 eod.
970 3769 1038 3821 66
1077 3766 1169 3821 fol.
1211 3767 1278 3820 79
1321 3766 1511 3835 Oria).
1584 3764 1672 3817 Er
1720 3764 1886 3832 habe,
1937 3765 2172 3819 schreibt
2208 3763 2479 3831 Sandaez,
2528 3764 2631 3817 mit
2667 3763 2848 3831 Papst
2887 3762 3126 3816 Clemens
3171 3761 3241 3815 de

580 3857 887 3913 reducendo
926 3856 1187 3927 Philippo
1234 3854 1587 3909 Melanthone
1633 3854 1991 3922 ysam-ochsn,
2041 3853 2187 3924 quod
2225 3853 2382 3907 valde
2434 3852 2647 3923 placuit
2687 3851 2831 3906 Suae
2869 3850 3239 3915 Beatitudini;

579 3954 636 4001 et
690 3964 860 4017 quum
917 3963 1131 4000 omnem
1186 3942 1574 3998 difficultatem
1630 3943 1793 3996 sitam
1849 3959 1969 3996 esse
2022 3940 2307 4011 praefatus
2363 3959 2484 3995 sum
2541 3942 2594 3995 in
2643 3958 2707 3995 eo
2757 3940 2903 4011 quod
2942 3939 3241 4011 Philippus

580 4042 834 4090 vereatur
890 4053 925 4089 a
980 4033 1094 4090 Sua
1147 4032 1455 4088 Sanctitate
1510 4049 1568 4086 se
1627 4032 1907 4087 desertum
1961 4031 2056 4099 iri,
2107 4031 2359 4102 promisit
2413 4031 2548 4085 mihi
2605 4032 2905 4086 elementer
2958 4029 3241 4085 Sanctitas
3259 4026 3337 4079 35

580 4125 694 4179 Sua
730 4141 788 4179 se
833 4124 913 4178 illi
950 4122 1294 4194 resipiscenti
1342 4121 1501 4175 valde
1538 4119 1676 4175 bene
1724 4120 2027 4190 facturam,
2076 4137 2250 4191 quare
2295 4119 2535 4174 scribam
2580 4120 2651 4173 ad
2688 4136 2812 4173 eum
2850 4118 3087 4173 amicum
3128 4118 3241 4173 Ho-

579 4213 834 4278 landium
860 4214 956 4283 qui
1003 4230 1129 4266 eum
1179 4211 1329 4266 dicto
1376 4209 1637 4281 Philippo
1686 4208 1808 4263 ΕΙ)
1830 4208 1883 4262 R
1934 4207 2107 4279 [niel]
2158 4208 2440 4264 tractabat
2493 4209 2622 4275 (wol
2664 4207 2763 4262 cler
2808 4214 3013 4262 mastro
3052 4206 3243 4262 Pietro

579 4303 684 4357 che
731 4310 819 4356 sta
866 4302 922 4355 in
959 4300 1256 4355 Hollaudia
1292 4299 1620 4367 Aloanders,
1656 4299 1912 4353 Lammer
1947 4315 2035 4353 nr.
2075 4301 2198 4366 63)‚·
2244 4305 2302 4352 et
2346 4298 2393 4352 si
2443 4296 2728 4352 scribserit
2764 4297 2897 4350 mihi
2949 4312 3242 4367 superesse

580 4393 761 4446 locum
807 4390 1045 4461 aliquem
1095 4390 1225 4444 huic
1272 4389 1496 4460 negotio
1543 4387 1915 4459 perficiund0‚
1963 4387 2106 4442 dabo
2157 4388 2344 4442 literas
2382 4387 2538 4441 Tuae
2575 4385 2949 4441 Dominationi
2986 4386 3057 4440 ad
3095 4403 3243 4454 eum,

581 4488 645 4535 ut
691 4498 817 4535 cum
863 4480 983 4550 ipso
1032 4496 1145 4533 rem
1194 4496 1346 4550 agas.
1432 4479 1502 4532 ad
1554 4478 1734 4532 Tuam
1784 4494 2024 4548 namque
2070 4476 2515 4532 Dominationem
2573 4476 2631 4529 id
2679 4475 2902 4529 honoris
2952 4472 3337 4530 transferri-10

580 4569 730 4632 volo,
787 4575 850 4623 ut
896 4570 1001 4624 hac
1037 4585 1095 4621 re
1135 4566 1206 4638 (si
1243 4567 1397 4622 Deus
1442 4565 1679 4634 dederit)
1730 4566 1986 4621 confecta
2029 4566 2248 4620 dicatur
2295 4582 2394 4636 per
2442 4572 2498 4619 tc
2535 4564 2887 4619 Germaniam
2934 4563 3245 4633 incoepisse

578 4659 859 4713 dediscere
895 4675 1051 4713 suam
1089 4657 1443 4728 impietatem.
1517 4655 1827 4722 Jedenfazls
1862 4656 1942 4710 ssi
1979 4655 2067 4709 die
2103 4654 2278 4710 Sachc
2326 4672 2431 4709 von
2467 4656 2713 4709 hochster
2749 4651 3080 4722 Bcdeutunq
3118 4652 3244 4706 und

579 4754 915 4818 strenystens
945 4747 1156 4818 yeheim
1189 4763 1261 4802 zu
1297 4746 1512 4815 hulten,
1562 4745 1712 4800 donn
1746 4760 1907 4800 worm
1936 4745 2157 4814 yemis-se
2193 4743 2367 4800 Lente
2405 4744 2589 4798 daron
2624 4743 2848 4812 hortea,
2896 4741 3129 4798 wilram
3164 4742 3244 4798 sie
