3500 5300
1378 392 1475 447 No.
1516 394 1612 448 νε
1652 394 1808 450 1536.
2820 382 2928 452 305

265 586 620 670 concilium,
671 587 752 653 de
800 611 925 674 quo
972 589 1037 652 in
1087 613 1136 652 c.
1185 586 1360 653 nulla
1409 598 1489 655 93
1539 588 1676 653 dist.
1712 587 1781 676 ¹),
1830 612 1971 652 cum
2022 589 2253 653 dicitur
2300 588 2474 655 nulla
2517 591 2758 654 ratione
2806 589 2926 654 cle·
2980 593 3121 643 1536

263 695 429 759 ricos
474 704 584 760 aut
634 696 989 760 sacerdotes
1034 694 1361 760 habendos
1408 698 1513 782 qui
1564 695 1681 760 sub
1729 695 1960 761 nullius
2001 697 2276 781 episcopi
2310 696 2643 783 disciplina
2689 707 2752 761 et
2783 720 2927 783 pru·

266 802 482 867 dentia
511 800 951 888 gubernantur
1000 842 1103 884 -,
1139 826 1285 868 cum
1331 803 1411 868 de
1439 801 1841 890 vagabundis
1885 813 1949 868 et
1993 806 2302 889 protervis
2350 802 2590 868 clericis
2634 802 2934 893 loquatur

271 908 471 996 (quod
529 918 705 995 patet
762 933 843 974 ex
904 934 976 975 eo
1038 911 1206 998 quod
1270 910 1614 975 subicitur:
1688 913 1798 997 qui
1873 912 2001 975 suis
2055 911 2363 997 episcopis
2423 933 2547 975 non
2608 912 2930 995 obediunt,

212 1015 705 1081 5indubitanter
748 1017 1042 1103 repprobi
1092 1026 1154 1082 et
1200 1018 1291 1082 rei
1336 1019 1664 1099 existunt),
1711 1040 1837 1081 non
1895 1017 1973 1081 de
2019 1016 2321 1104 religiosis
2368 1027 2431 1082 et
2475 1019 2612 1083 aliis
2657 1020 2765 1106 qui
2807 1021 2934 1085 suis

269 1121 536 1188 subsunt
592 1122 851 1210 prelatis
909 1133 973 1189 et
1031 1147 1299 1212 quorum
1348 1126 1538 1189 etiam
1587 1132 1783 1211 caput
1826 1131 1920 1188 est
1966 1125 2287 1189 Romanus
2329 1126 2617 1211 pontifex
2684 1133 2747 1190 et
2791 1149 2933 1213 pro—

267 1231 446 1317 prius
502 1230 817 1317 prelatus:
866 1254 916 1296 c.
964 1233 1338 1296 auctoritate
1385 1235 1423 1313 ξ
1478 1243 1506 1297 1
1560 1231 1639 1296 de
1685 1230 1949 1317 priville.
1997 1229 2158 1296 libro
2207 1241 2243 1298 6
2276 1232 2364 1319 ⁹),
2412 1240 2473 1297 et
2528 1240 2653 1316 not.
2701 1232 2822 1319 glo.
2870 1234 2934 1297 in

270 1336 467 1403 Olem.
521 1349 575 1403 1.
625 1338 705 1402 de
765 1337 957 1403 rebus
1002 1337 1152 1403 eccl.
1213 1361 1341 1403 non
1403 1337 1540 1403 alie.
1588 1340 1653 1402 in
1701 1360 1889 1402 versu
1936 1339 2257 1424 propriam
2285 1340 2359 1424 ³).
2451 1338 2835 1427 quapropter
2877 1342 2936 1405 ei

270 1444 404 1527 soli,
454 1467 578 1509 non
625 1453 838 1510 autem
894 1445 1228 1510 ordinariis
1274 1445 1593 1510 fidelitatis
1639 1454 1702 1510 et
1748 1444 2103 1510 obedientie
2149 1454 2436 1532 prestant
2468 1447 2935 1532 juramentum:

184 1560 253 1613 10
272 1573 323 1615 c.
373 1550 581 1616 dilecti
627 1552 707 1617 de
757 1553 938 1617 maio,
986 1564 1049 1617 et
1095 1551 1230 1616 obe.
1260 1556 1345 1636 ⁴)3
1397 1575 1450 1616 c.
1500 1575 1643 1616 cum
1689 1553 1835 1617 olim
1887 1551 1960 1616 cl.
2013 1562 2050 1618 2
2098 1551 2178 1616 de
2223 1551 2490 1639 priville.
2520 1553 2592 1640 ⁶).

450 1659 665 1723 Minus
710 1660 899 1724 etiam
962 1659 1329 1724 detestande
1388 1667 1536 1724 sunt
1579 1659 2010 1724 Romanorum
2073 1659 2438 1745 pontificum
2486 1662 2940 1747 exemptiones,

273 1765 445 1853 quod
491 1768 681 1832 etiarn
726 1766 1080 1853 imperiales
1123 1766 1294 1853 leges
1324 1773 1600 1831 statuere
1646 1788 1730 1830 ex
1765 1768 1956 1853 justis
1981 1767 2188 1831 causis
2234 1768 2627 1853 superiorum
2674 1767 2939 1835 arbitrio

274 1873 715 1938 examinandis
774 1873 1143 1938 eximendos
1201 1874 1583 1961 quandoque
1642 1872 1930 1938 subditos
1985 1897 2025 1937 a
2085 1875 2400 1939 minorum
2457 1876 2935 1960 magistratuum

265 1981 737 2068 jurisdictione:
784 1980 823 2046 l.
876 1980 1143 2045 offitium
1176 1980 1502 2067 Elesponti
1542 1979 1612 2046 O.
1661 1980 1742 2044 de
1786 1980 1884 2045 off.
1933 2002 2048 2066 pro
2081 2002 2289 2044 censu.
2322 1983 2402 2066 6);
2449 1980 2488 2047 l.
2531 1993 2560 2047 1
2599 1986 2638 2064 ξ
2670 1982 2939 2048 dicimus

186 2087 336 2151 15ff.
386 2087 466 2152 de
525 2086 622 2152 his
680 2089 788 2174 qui
832 2095 980 2152 sunt
1024 2089 1120 2152 sui
1180 2087 1280 2152 vel
1324 2087 1461 2152 alie.
1500 2089 1627 2173 jur.
1659 2088 1731 2170 ⁷),
1794 2110 1908 2174 per
1952 2110 2138 2174 quem
2188 2098 2312 2152 tex.
2362 2087 2452 2152 ibi
2519 2088 2674 2154 dicit
2723 2088 2854 2153 Bal.
2884 2091 2940 2172 8)

279 2194 449 2280 quod
498 2191 581 2260 ob
626 2195 886 2258 nimiam
936 2196 1224 2259 sevitiam
1272 2195 1511 2259 domini
1548 2196 1727 2280 justa
1758 2203 1853 2259 est
1897 2193 2294 2259 subditorum
2325 2197 2644 2281 exemptio
2689 2193 2773 2260 ab
2805 2197 2942 2284 ejus

268 2301 741 2387 jurisdictione3
791 2309 855 2366 et
899 2302 1101 2367 Instit.
1136 2324 1209 2367 eo
1256 2301 1438 2367 titulo
1485 2307 1524 2384 ξ
1556 2301 1675 2367 hoc
1720 2313 2004 2388 tempore
2050 2325 2239 2368 versu
2286 2301 2394 2367 sed
2442 2310 2505 2367 et
2548 2304 2752 2389 major
2779 2306 2852 2383 ⁹).

459 2408 772 2496 Perpetua
819 2410 938 2474 fuit
981 2411 1047 2474 in
1095 2412 1293 2474 sacris
1341 2410 1624 2474 conciliis
1655 2409 1734 2473 de
1766 2417 2206 2495 exemptorum
2252 2408 2624 2496 privillegiis
2669 2410 2941 2497 querela,

283 2539 399 2581 nec
467 2525 805 2604 propterea
872 2518 935 2580 in
995 2516 1476 2583 Constanciensi
1524 2515 1791 2582 concilio
1849 2524 2144 2581 revocate
2210 2516 2467 2581 fuerunt
2512 2519 2946 2604 exemptiones

188 2631 431 2690 aoante
476 2623 716 2690 obitum
763 2624 839 2689 fe.
888 2646 971 2689 re.
1019 2623 1313 2711 Gregorii
1360 2623 1477 2689 XI.
1526 2646 1853 2705 concesse,
1914 2623 2022 2689 sed
2082 2622 2186 2689 ille
2243 2622 2580 2689 dumtaxat
2625 2646 2748 2712 que
2794 2631 2946 2690 tem-

282 2755 437 2819 pore
484 2734 790 2797 scismatis
836 2730 919 2797 ab
965 2731 1063 2796 his
1121 2735 1229 2821 qui
1290 2754 1356 2797 se
1416 2755 1531 2819 pro
1579 2731 1881 2796 Romanis
1926 2730 2334 2817 pontificibus
2376 2732 2443 2796 in
2490 2731 2756 2796 diversis
2801 2731 2946 2797 obe·

286 2839 537 2905 dientiis
580 2838 922 2926 gerebant,
971 2863 1115 2904 cum
1164 2863 1291 2905 non
1323 2847 1640 2905 constaret
1685 2863 1725 2903 a
1754 2861 1908 2902 vero
1940 2846 2002 2902 et
2030 2837 2385 2903 indubitato
2432 2839 2727 2925 pontifice
2758 2839 2949 2906 fuisse

287 2968 631 3011 concessas.
722 2955 787 3012 et
828 2948 895 3011 in
941 2949 1283 3012 novissimo
1330 2946 1742 3013 Lateranensi
1803 2945 2067 3010 concilio
2129 2946 2402 3010 sessione
2459 2944 2741 3029 decima,
2801 2946 2953 3010 licet

286 3052 473 3141 plura
518 3056 859 3120 constituta
903 3055 1135 3119 fuerint
1181 3077 1304 3142 que
1349 3054 1810 3119 ordinariorum
1847 3052 2357 3139 jurisdictionem
2403 3052 2660 3118 foveant
2713 3059 2776 3117 et
2817 3061 2949 3117 tue-

192 3166 267 3220 25
288 3170 493 3244 antur,
541 3186 666 3226 non
713 3170 926 3227 tamen
972 3170 1270 3227 revocata
1314 3161 1489 3226 fuere
1520 3168 1957 3247 exemptorum
2006 3158 2379 3247 privillegia,
2424 3181 2499 3224 eo
2545 3161 2679 3223 nixi
2725 3159 2950 3224 funda·

289 3276 501 3334 mento
560 3270 729 3356 quod
789 3267 1013 3334 deceat
1066 3267 1433 3335 benefitium
1490 3269 1794 3355 principis
1839 3289 1974 3332 esse
2018 3289 2419 3331 mansurum:
2480 3289 2532 3331 c.
2597 3278 2648 3333 1.
2698 3275 2847 3331 2·et
2895 3276 2951 3332 3.

292 3386 395 3445 25.
442 3401 502 3465 q.
551 3388 584 3442 2
612 3380 728 3461 ιο);
786 3400 840 3443 c.
885 3377 1048 3442 sicut
1107 3375 1283 3441 nulla
1342 3377 1422 3442 de
1466 3373 1720 3463 preben.
1771 3372 1933 3440 libro
1982 3374 2153 3462 6¹¹)3
2199 3381 2263 3438 et
2319 3371 2536 3460 regula
2582 3372 2762 3438 decet
2808 3395 2953 3437 con·

291 3506 537 3549 cessum
584 3484 664 3549 de
708 3507 836 3571 reg.
873 3487 1001 3573 jur.
1033 3487 1128 3569 ¹¹³).

382 3596 557 3603 ——--
628 3596 824 3602 u-———-

438 3627 482 3697 ¹)
521 3646 563 3681 c.
601 3632 638 3681 8
674 3627 749 3682 D.
788 3631 875 3682 93.

197 3709 272 3762 30
439 3717 484 3784 ²)
523 3718 681 3772 Sexti
719 3718 809 3771 zib.
859 3715 910 3770 V
940 3717 1026 3772 tit.
1068 3720 1102 3770 7
1139 3733 1181 3771 c.
1219 3720 1269 3770 4.

439 3804 484 3874 ³)
524 3804 681 3860 (Hem.
722 3806 813 3860 lib.
852 3807 964 3861 III
992 3807 1079 3860 tit.
1117 3810 1168 3860 4.

440 3893 487 3961 ⁴)
527 3894 651 3949 Lib.
688 3896 724 3949 1
762 3896 847 3949 tit.
887 3898 959 3949 33
995 3912 1038 3949 c.
1077 3899 1160 3949 13.

442 3982 488 4051 ⁶)
527 3983 649 4039 Lib.
698 3983 749 4038 V
781 3986 866 4039 tit.
904 3988 977 4039 33
1003 4001 1047 4039 c.
1083 3988 1166 4039 12.

440 4070 489 4142 ⁶)
532 4072 588 4128 (J.
625 4075 735 4129 It.
774 4076 1002 4129 351.1.

201 4152 276 4207 35
448 4161 486 4228 ⁷)
524 4162 597 4216 D.
636 4164 678 4217 Ι
706 4169 741 4216 t.
783 4167 818 4217 6

442 4250 485 4319 ⁸)
528 4252 751 4307 Baldus
789 4253 854 4307 de
899 4253 1146 4321 Ubaldis,
1184 4252 1555 4307 italienischer
1590 4251 1965 4306 Rechtslehrer
2002 4251 2095 4304 des
2133 4249 2510 4319 beqinmnden
2549 4251 2631 4300 14.
2671 4246 2959 4302 Jahrhun·

299 4341 465 4408 dere-3,
513 4340 792 4407 Versa-sse»-
829 4342 975 4397 eines
1014 4341 1384 4397 Commentars
1419 4358 1544 4395 zum
1580 4341 1906 4396 Rffimisckm
1943 4339 2130 4394 Recht.

445 4430 487 4497 Β)
524 4431 712 4486 Instit.
751 4433 832 4486 tit.
870 4435 909 4485 s
942 4431 982 4502 9
1015 4434 1054 4486 2
1090 4431 1224 4486 Satz
1259 4435 1308 4485 3.

425 4520 495 4590 ¹⁰)
531 4537 575 4575 c.
613 4524 659 4573 1.
688 4524 740 4575 2.
778 4525 830 4575 3.
869 4523 929 4577 G.
966 4525 1041 4576 25
1079 4538 1129 4591 q.
1167 4525 1222 4576 2.

210 4599 283 4654 40
428 4608 496 4681 ¹¹)
533 4608 684 4666 Sexti
723 4611 814 4665 zib.
854 4611 968 4666 III
999 4611 1085 4665 tit.
1124 4614 1157 4665 4
1195 4626 1239 4665 c.
1279 4614 1369 4665 36.

424 4699 492 4767 ¹²)
532 4700 617 4754 lb.
669 4700 759 4755 lib.
809 4699 862 4753 V
904 4701 989 4754 tit.
1037 4704 1107 4755 12
1153 4717 1260 4771 req.
1314 4703 1378 4753 16
1435 4699 1639 4771 (Decet
1695 4715 2018 4754 concessum
2071 4715 2106 4753 a
2160 4697 2412 4770 principe
2466 4691 2803 4750 beneficium
2851 4711 2971 4751 esse

301 4789 661 4857 mansurum).
