3500 5300
614 334 723 398 446
1568 341 1666 396 Nc.
1708 342 1840 396 13⁴¹:
1881 337 2018 396 1538
2057 341 2199 396 Mfirz
2235 343 2320 396 23.

406 537 543 588 1538
619 545 822 600 torum
881 536 1181 601 abbatum
1240 541 1742 624 praepositorum
1809 540 2086 624 priorum
2157 537 2740 604 commendatorum
2808 538 3278 603 abbatissarum

345 606 487 660 Mn
522 610 600 660 23
616 644 1039 729 aliorumque,
1095 647 1205 729 qui
1251 644 1431 709 obliti
1490 644 1818 731 dignitatis
1864 667 1940 710 80
1986 645 2403 732 professionis
2451 668 2604 711 suae
2647 645 2831 710 malis
2877 644 3171 710 moribus
3219 658 3280 710 et

615 753 888 835 pessimo
937 753 1228 838 exemplo
1273 754 1633 817 ministrant
1679 751 1984 818 ecclesias
2044 760 2109 818 et
2151 751 2318 816 bona
2364 752 2814 817 ecclesiastica.
2906 775 3036 838 qua
3083 752 3170 816 (10
3213 775 3280 817 10

612 859 837 922 mirum
890 861 955 923 in
1016 858 1273 924 modum
1318 860 1590 924 laetatus
1649 883 1790 924 sum
1850 883 1977 924 non
2023 879 2411 948 pessumque
2457 859 2580 925 hoc
2625 861 3024 946 propositum
3073 883 3278 939 suum,

611 975 915 1049 quantum
964 968 1025 1029 in
1072 988 1173 1031 me
1220 978 1336 1047 est,
1382 989 1509 1031 non
1555 966 1876 1053 adjuvare.
1971 990 2194 1032 verum
2239 974 2451 1031 tamen
2506 969 2656 1052 quia
2701 965 2852 1030 Ill¹²¹⁸
2897 965 3277 1032 Dominatio
3323 977 3352 1028 5

618 1070 854 1138 Vestra
910 1076 1073 1159 petit
1133 1097 1213 1137 ne
1270 1074 1846 1139 ecclesiasticarum
1905 1076 2368 1139 immunitatum
2415 1082 2716 1159 tanquam
2759 1081 3173 1160 contemptor
3217 1084 3282 1139 et
3469 1069 3470 1078 ’

611 1201 867 1244 eversor
912 1183 1088 1266 argui
1138 1192 1204 1245 et
1248 1180 1498 1245 traduci
1544 1205 1583 1246 a
1626 1181 1917 1266 malignis
1963 1184 2203 1269 possit,
2261 1188 2333 1244 111
2389 1180 2760 1245 facultatem
2808 1182 2866 1244 ei
2915 1180 3280 1246 concedere

610 1286 801 1351 velim
845 1309 962 1373 per
1006 1309 1194 1373 quam
1240 1290 1444 1374 possit
1489 1287 1731 1374 absque
1779 1291 1950 1353 omni
1997 1287 2297 1375 scrupulo
2343 1310 2561 1352 omnes
2607 1288 2926 1375 praelatos
2975 1297 3044 1352 01
3085 1309 3280 1374 quos-

609 1415 861 1480 cunque
917 1416 1154 1462 rerum.
1188 1396 1758 1461 ecclesiasticarum
1820 1394 2363 1460 administratores
2420 1405 2749 1481 suspectos
2807 1397 2874 1459 in
2922 1394 3172 1460 ducatu
3216 1407 3281 1460 et

609 1502 936 1587 provincia
993 1524 1107 1567 sua
1166 1524 1282 1588 per
1338 1503 1530 1567 alium
1574 1503 1928 1589 praelatum
1973 1501 2056 1567 ad
2101 1502 2226 1569 hoc
2270 1501 2574 1567 idoneum
2619 1511 2684 1568 et
2729 1503 3016 1568 vicinum
3065 1502 3278 1569 facere
3297 1512 3352 1564 10

611 1609 871 1687 visitari,
916 1609 1189 1674 libenter
1246 1631 1527 1674 annuens
1587 1611 1877 1696 petitioni
1924 1609 2103 1673 Illa-⁰
2160 1610 2628 1674 Dominationis
2675 1607 2958 1674 Vestrae
3013 1620 3277 1696 paratus

609 1737 748 1780 sum
795 1715 1105 1800 quidquid
1150 1738 1409 1803 possum
1454 1716 1547 1780 illi
1593 1715 1960 1782 concedere.
2023 1739 2245 1781 verum
2293 1725 2364 1780 ut
2409 1719 2687 1801 exempti
2733 1718 2844 1781 isti
2890 1717 3166 1803 praelati
3217 1728 3280 1783 01

608 1821 971 1887 11818οᾶ1810
1018 1822 1288 1909 subjecti
1335 1822 1472 1889 sedi
1529 1823 1950 1910 apostolicae,
2007 1823 2188 1904 11001,
2246 1845 2393 1888 cum
2450 1821 2810 1909 hujusmodi
2871 1825 3040 1902 sint,
3101 1825 3278 1889 nullo

607 1929 911 1994 deberent
954 1930 1231 2014 gaudere
1291 1930 1658 2016 privilegi0,
1716 1930 2044 1994 honestius
2091 1931 2324 2014 corrigi
2383 1932 2661 2015 possint,
2719 1928 2917 1993 mmm
2963 1931 3278 1996 Domina-

607 2039 843 2100 tionem
890 2035 1197 2103 Vestram
1241 2059 1397 2122 rogo
1442 2045 1515 2101 ut
1558 2060 1752 2101 unum
1800 2036 1962 2102 duos
2008 2045 2120 2102 aut
2161 2044 2288 2101 tres
2335 2036 2651 2122 praelatos
2696 2040 3076 2123 provinciae
3120 2046 3356 2105 8118015

607 2165 720 2207 seu
765 2144 1012 2207 vicinos
1052 2141 1315 2207 idoneos
1357 2153 1423 2208 et
1452 2146 1730 2228 integros
1763 2166 1877 2230 per
1921 2142 2163 2208 litteras
2210 2165 2357 2208 suas
2402 2143 2556 2208 mihi
2587 2146 2913 2210 nominare
2960 2144 3277 2230 dignetur,

607 2253 672 2314 in
718 2273 983 2336 quorum
1043 2273 1172 2315 uno
1232 2253 1370 2315 sive
1417 2250 1647 2330 altero,
1704 2261 1779 2314 ut
1831 2252 2030 2335 magis
2076 2249 2258 2314 Illum
2311 2249 2746 2316 Dominationi
2797 2249 3083 2318 Vestrae
3138 2255 3276 2341 pla-

606 2359 838 2434 cuerit,
896 2359 1337 2424 auctoritatem
1393 2360 1577 2423 istam
1639 2356 1997 2436 collocabo,
2053 2365 2360 2442 quantum
2406 2359 2472 2421 in
2517 2380 2618 2423 me
2664 2366 2794 2438 est;
2849 2381 3015 2444 quae
3061 2369 3272 2424 tamen

604 2464 928 2528 sufficiens
977 2465 1098 2528 erit
1142 2485 1469 2549 quousque
1516 2463 1699 2528 aliter
1741 2486 1859 2549 per
1902 2462 2149 2528 Sannum
2194 2463 2540 2529 Dominum
2583 2464 2892 2530 Nostrum
2937 2468 3274 2552 provisum

603 2571 814 2635 fuerit.
904 2569 1161 2636 decrevi
1210 2572 1375 2634 enim
1420 2572 1545 2635 ista
1590 2572 1800 2635 omnia
1845 2573 2200 2657 significare
2245 2570 2588 2637 Sanctitati
2633 2571 2801 2637 Suae
2847 2580 2916 2637 et
2961 2581 3358 2660 (1888181820
3469 2643 3470 2651 ¹

604 2689 828 2766 potero
889 2701 1108 2743 curare
1167 2687 1238 2742 ut
1295 2701 1487 2764 super
1544 2680 1855 2765 petitione
1899 2678 2079 2743 Ill=¹⁸⁶
2137 2678 2612 2745 Dominationis
2655 2678 2943 2747 Vestrae
3001 2680 3114 2745 fiat
3160 2681 3272 2745 ali-

604 2809 729 2873 qua
775 2787 1159 2852 conveniens
1220 2787 1504 2871 provisio
1518 2835 1534 2865 ,
1593 2793 1664 2849 ut
1721 2794 1788 2850 01
1843 2787 2137 2871 religioni
2205 2785 2589 2852 christianae
2636 2796 2702 2851 et
2745 2789 3030 2874 optimae
3075 2790 3270 2852 menti

604 2893 782 2957 Illw
839 2894 1308 2958 Dominationis
1354 2891 1638 2959 Vestrae
1683 2893 1871 2979 plene
1916 2894 2199 2958 satisfiat.

780 2999 975 3079 Quod
1022 3022 1175 3063 vero
1219 2998 1374 3062 Illm⁸
1418 2998 1791 3065 Dominatio
1835 2998 2081 3065 Vestra
2125 3000 2207 3066 de
2239 3002 2511 3066 concilio
2557 3000 2826 3082 dubitat,
2872 3011 3052 3067 certe
3084 3025 3272 3067 omne

603 3108 867 3173 dubium
912 3106 1105 3172 debet
1149 3107 1428 3192 rejicere,
1475 3108 1622 3192 quia
1667 3105 1870 3172 Sanuno
1916 3107 2195 3173 Domino
2241 3106 2512 3188 Nostro,
2572 3117 2643 3173 ut
2687 3110 2882 3172 etia-m
2939 3131 3022 3173 ex
3067 3110 3350 3174 1110ιῆ825

366 3216 507 3268 Μ’·Ξ-
551 3219 585 3268 7
603 3215 704 3279 (110
756 3227 790 3282 7
849 3216 1035 3302 hujus
1081 3216 1318 3278 mensis
1366 3213 1532 3278 datis
1578 3237 1694 3300 per
1740 3213 1936 3279 Suam
1980 3212 2399 3280 Sanctitatem
2458 3215 2880 3300 significatum
2939 3226 3040 3282 est
3097 3216 3274 3297 mihi,

601 3324 986 3409 principium
1032 3321 1283 3386 concilii
1344 3324 1599 3385 omnino
1653 3321 1942 3387 futurum
2003 3332 2103 3386 081
2147 3320 2229 3385 ad
2289 3331 2596 3391 statutum
2639 3330 2913 3408 tempuS.
3008 3334 3073 3388 et
3119 3324 3270 3389 licet

603 3430 923 3496 Sanctitas
971 3428 1101 3493 Sua
1146 3436 1411 3513 cogatur
1454 3450 1571 3514 pro
1615 3430 1838 3514 majori
1883 3431 2263 3494 necessitate
2309 3428 2695 3515 reipublicae
2735 3429 3125 3496 christianae
3157 3431 3273 3495 Ni-

602 3541 765 3603 ciam
813 3537 1127 3623 proficisci
1175 3538 1238 3600 in
1280 3536 1509 3600 finibus
1554 3537 1986 3622 provinciae
1954 3534 2409 3614 Narbonensis,
2456 3559 2581 3621 quo
2613 3534 2928 3601 Caesarea
2958 3538 3271 3624 Maiestas.
3469 3616 3470 3619 Ἴ

600 3644 973 3732 propediem
1043 3654 1305 3709 vectura
1373 3652 1502 3721 est,
1572 3666 1687 3729 pro
1756 3641 2089 3708 tractanda
2145 3665 2304 3728 pace
2368 3665 2514 3707 cum
2571 3641 2858 3707 (1111·1811ωο
2904 3666 3058 3729 rege
3115 3644 3274 3711 Gal-
3287 3652 3353 3705 31)
3469 3662 3470 3733 }

601 3751 830 3831 lorum,
894 3760 1110 3816 tamen
1157 3774 1282 3815 non
1330 3752 1580 3814 omittet
1651 3751 1803 3836 quin
1849 3748 2072 3814 saltem
2119 3772 2238 3835 per
2281 3750 2523 3833 legatos
2581 3758 2644 3814 et
2688 3749 2843 3814 R⁰⁸¹¹¹
2913 3752 3273 3817 cardinales

601 3881 788 3943 quam
848 3859 1151 3945 plurimos
1229 3857 1353 3923 adv
1360 3856 1721 3922 entantibus
1782 3856 2136 3922 oratoribus
2196 3858 2552 3943 principum
2619 3866 2681 3921 et
2739 3859 3068 3946 episcopis
3125 3883 3276 3947 pro-

601 3968 947 4031 vinciarum
1018 3967 1265 4029 initium
1336 3964 1587 4030 concilii
1657 3963 2037 4043 celebretur,
2095 3972 2283 4049 atque
2346 3962 2664 4029 Sanctitas
2711 3962 2842 4029 Sua
2912 3970 3276 4053 composita

600 4096 775 4157 pace,
822 4075 873 4136 si
906 4073 1086 4137 Deus
1134 4072 1402 4153 affuerit,
1445 4074 1612 4136 inter
1657 4074 1813 4135 istos
1858 4093 2122 4155 magnos
2168 4072 2490 4157 principes
2538 4072 2750 4136 statim
2798 4071 2884 4136 ad
2925 4076 3278 4139 concilium
3469 4128 3470 4185 1

602 4183 834 4244 veniet.
903 4203 1095 4264 quare
1136 4179 1503 4243 Dominatio
1534 4177 1780 4245 Vestra
1822 4177 1976 4243 Illm
2022 4200 2264 4241 memor
2307 4177 2826 4265 promptitudinis
2874 4202 3034 4245 suae
3081 4188 3358 4269 quam35
3469 4206 3470 4257 ;

600 4287 683 4351 ad
730 4287 1066 4352 concilium
1112 4285 1284 4351 istud
1331 4309 1581 4372 semper
1627 4285 1946 4366 exhibuit,
2008 4307 2256 4350 necnon
2310 4286 2657 4371 respiciens
2704 4284 2786 4350 ad
2843 4289 3276 4353 necessitates

600 4405 733 4459 tum
803 4396 1171 4478 provinciae
1239 4416 1428 4472 suae,
1497 4403 1629 4455 tum
1698 4395 2036 4457 universae
2103 4391 2430 4478 religionis
2498 4391 2916 4472 christianae,
2987 4404 3275 4461 orator&

600 4524 748 4566 suos
812 4510 877 4565 et
937 4502 1270 4586 episcopos
1319 4502 1687 4586 provinciae
1747 4522 1897 4563 suae
1955 4499 2116 4565 bene
2163 4502 2504 4565 instructos
2566 4498 2648 4563 ad
2709 4501 2830 4564 iter
2886 4500 3272 4587 capiendum

603 4630 821 4690 parare
869 4609 1077 4671 debet.
1172 4608 1332 4672 bene
1392 4608 1607 4673 valeat
1662 4606 1819 4671 Illm
1863 4606 2235 4671 Dominatio
2281 4605 2554 4684 Vestra,
2612 4610 2714 4672 cui
2777 4630 2880 4671 me
2927 4610 3272 4695 plurimum
3469 4682 3470 4693 χ

605 4714 995 4776 0081111011(10.
3286 4724 3352 4775 40
