3500 5300
398 573 541 624 1537

361 641 480 695 Okt.
521 645 593 696 12

608 367 716 431 22⁰
1538 372 1638 427 No.
1676 374 1776 427 61:
1814 371 1954 429 1537
1991 371 2225 427 Oktober
2263 370 2346 426 12.

788 570 893 634 Ho
940 591 1266 655 compreso
1313 568 1417 633 nel
1461 569 1939 654 ragionamento
1987 567 2103 632 che
2147 591 2188 632 a
2234 575 2457 655 questa
2501 566 2751 632 Maesta
2792 564 3064 632 sarebbe
3110 574 3279 632 stato

612 699 760 741 0810
833 685 897 741 01
953 677 1121 741 forse
1176 674 1445 740 sarebbe
1504 683 1668 740 stato
1728 677 2146 741 conveniente
2204 697 2410 739 essere
2488 675 2757 739 invitato
2814 697 2855 738 a
2910 677 3156 738 intrare
3214 674 3279 737 in

610 793 834 871 questa
877 782 1067 869 ligha,
1114 782 1365 870 perche,
1413 805 1591 848 come
1636 783 1714 847 V.
1748 783 1812 848 S.
1860 805 1948 865 sa,
1996 805 2211 868 ognun
2259 784 2310 846 si
2356 782 2544 846 stima
2588 803 2794 846 essere
2839 780 2909 845 di
2938 802 3094 846 casa
3143 804 3280 860 sua,

609 901 673 956 et
716 913 911 977 penso
957 893 1102 954 sara
1148 889 1311 955 bene
1358 889 1473 955 che
1521 889 1751 955 Nostro
1785 890 2051 976 Signore
2095 891 2163 953 in
2210 889 2307 954 01ὸ
2352 889 2558 954 faccia
2603 887 2872 975 qualche
2917 888 3278 954 considera-

610 1000 797 1081 tione,
841 997 1072 1084 percbe
1120 1020 1246 1061 non
1294 1019 1448 1062 sono
1495 997 1565 1061 di
1608 1019 1775 1083 poca
1803 998 2201 1083 importanza
2245 995 2304 1061 10
2347 997 2520 1061 forze
2563 994 2628 1061 18
2673 995 3064 1060 commodita
3107 1004 3176 1060 et
3219 994 3284 1059 la
3331 1003 3364 1056 5

611 1105 781 1171 bona
825 1103 1092 1169 volunta
1149 1103 1214 1168 di
1262 1104 1394 1169 Sua
1444 1104 1683 1168 Maesta
1729 1126 1842 1190 per
1887 1103 2205 1189 l'impresa
2250 1101 2353 1168 del
2398 1102 2686 1186 Turcho,
2745 1111 2811 1168 et
2869 1101 2996 1168 alla
3038 1101 3283 1189 profes·

611 1214 784 1277 sione
828 1221 892 1277 et
935 1233 1119 1276 nome
1176 1233 1291 1276 suo
1351 1212 1405 1275 si
1452 1212 1760 1276 conviene
1820 1232 2026 1275 essere
2071 1232 2398 1297 compreso
2458 1211 2528 1275 in
2586 1210 2790 1276 simile
2835 1208 3044 1296 ligius,
3112 1207 3287 1274 nella

610 1318 794 1406 quale
840 1318 1315 1383 honestamente
1360 1341 1490 1382 non
1534 1320 1662 1404 puo
1707 1319 1946 1382 intrare
1992 1340 2180 1383 senza
2225 1339 2429 1382 essere
2474 1318 2756 1383 invitato.

786 1424 970 1489 Nella
1014 1426 1279 1490 materia
1324 1425 1405 1490 de
1465 1426 1668 1512 questi
1715 1424 2068 1489 Lutherani
2113 1426 2148 1488 ὲ
2195 1426 2549 1490 necessario
2596 1424 2715 1489 che
2760 1425 3286 1489 continuamente

610 1535 818 1599 scriva
861 1531 1130 1620 qualche
1175 1554 1351 1613 cosa,
1397 1532 1631 1618 perche
1677 1554 1925 1618 sempre
1972 1534 2023 1596 si
2071 1532 2278 1597 odano
2324 1553 2470 1597 cose
2518 1554 2699 1596 nove.
2790 1531 2835 1596 il
2881 1531 3095 1597 dottor
3143 1532 3286 1596 Ma·
3308 1540 3372 1593 10

611 1639 744 1705 11118
787 1647 951 1704 tutta
996 1647 1218 1727 questa
1263 1646 1459 1704 estate
1505 1641 1541 1702 e
1589 1646 1748 1703 stato
1809 1641 1874 1704 in
1921 1638 2269 1704 Germania
2313 1638 2581 1704 facendo
2627 1641 2804 1704 varie
2858 1638 3177 1726 prattiche
3221 1649 3290 1703 et

611 1746 1001 1833 explorando
1029 1749 1050 1810 i
1083 1746 1214 1811 loro
1245 1747 1457 1829 animi,
1504 1754 1568 1810 et
1596 1746 2030 1810 ultimamente
2075 1747 2112 1810 e
2159 1754 2394 1811 venuto
2441 1748 2569 1833 qui,
2615 1746 2824 1811 donde
2866 1746 2968 1811 fra
3001 1757 3040 1813 8
3071 1747 3289 1833 giomi

610 1856 853 1942 partira
897 1863 961 1919 et
1004 1856 1175 1918 stara
1232 1854 1403 1918 circa
1452 1864 1488 1920 3
1537 1854 1694 1917 mesi
1756 1852 2036 1918 anchora
2079 1876 2195 1939 per
2249 1852 2314 1918 18
2360 1852 2738 1936 Germania,
2799 1855 2904 1940 poi
2965 1855 3291 1919 ritornera

613 1964 676 2026 in
725 1961 1029 2048 Espagna
1075 1984 1116 2024 a
1161 1960 1314 2025 dare
1359 1960 1732 2046 ragguaglio
1780 1961 1860 2026 de
1906 1962 2106 2047 questi
2154 1961 2302 2025 stati
2346 1959 2474 2024 alla
2518 1959 2792 2026 Cesarea
2835 1960 3103 2026 Maesta.

790 2067 1273 2155 Comprehendo
1320 2067 1481 2132 011οἸ
1534 2070 1773 2154 riporto
1821 2091 1934 2132 suo
1982 2066 2256 2132 secondo
2303 2068 2365 2132 la
2409 2075 2619 2133 mente
2664 2067 2811 2133 delli
2856 2068 3133 2155 principi
3178 2091 3288 2133 ca-
3313 2076 3377 2129 15

614 2175 826 2241 tholici
873 2177 907 2238 ὲ
955 2174 1070 2240 0110
1116 2173 1279 2239 delle
1326 2175 1451 2240 due
1497 2198 1641 2239 cose
1687 2175 1737 2237 si
1788 2175 1953 2239 facia
2005 2174 2205 2239 l’una:
2279 2197 2470 2239 overo
2516 2174 2634 2240 che
2678 2177 2733 2240 si
2777 2174 3013 2240 celebri
3059 2185 3292 2264 questo

615 2281 877 2348 concilio
934 2280 1227 2367 generale
1273 2303 1463 2346 overo
1521 2281 1639 2346 che
1697 2283 1749 2345 si
1794 2282 1959 2346 facia
2003 2280 2048 2345 il
2095 2281 2427 2347 nationale.
2518 2290 2754 2369 quanto
2813 2281 2875 2347 al
2932 2284 3144 2369 primo
3189 2282 3294 2348 di-

613 2413 773 2455 cono
818 2411 1067 2454 esserne
1110 2389 1250 2453 fora
1295 2388 1361 2453 di
1407 2411 1713 2474 speranza
1759 2390 1838 2452 ne
1897 2399 2179 2475 prestare
2225 2391 2339 2474 piu
2397 2389 2542 2454 fede
2586 2412 2627 2454 a
2668 2389 2889 2476 parole
2933 2389 3003 2454 di
3048 2389 3294 2455 Nostro

617 2498 902 2583 Signom,
947 2503 1012 2560 et
1055 2494 1444 2561 concludeno
1490 2517 1696 2560 essere
1742 2497 2095 2560 necessario
2143 2495 2186 2559 il
2234 2496 2540 2579 second0‚
2587 2505 2652 2562 et
2693 2495 2927 2583 perche
2975 2519 3108 2564 000
3151 2501 3296 2563 consi

615 2604 1127 2691 explicitamente
1184 2601 1352 2668 hano
1412 2602 1765 2667 ardimento
1823 2601 1890 2667 di
1947 2602 2362 2668 domandarlo
2409 2602 2535 2669 alla
2581 2603 2854 2670 Cesarea
2898 2604 3177 2689 Maesta,
3227 2605 3297 2671 lo
3313 2609 3384 2665 Ξ)

615 2734 781 2775 vano
827 2710 1145 2798 coprendo
1191 2709 1290 2775 col
1334 2732 1520 2775 nome
1567 2709 1632 2774 di
1678 2717 1992 2775 convento
2039 2710 2381 2797 imperiale,
2427 2711 2848 2777 mostrandosi
2895 2734 3026 2777 non
3070 2712 3297 2778 volere

616 2818 864 2905 parlare
908 2818 973 2882 di
1020 2839 1165 2883 cose
1211 2819 1548 2904 pertinenti
1592 2816 1717 2881 alla
1775 2816 2108 2903 religione3
2165 2817 2551 2884 nondimeno
2611 2841 2651 2882 a
2708 2821 2907 2883 niuna
2962 2840 3115 2883 cosa
3171 2822 3297 2907 piu

616 2947 895 3013 pensano
941 2925 1056 2990 che
1102 2947 1143 2988 a
1188 2935 1443 3011 questa3
1500 2932 1563 2988 et
1608 2946 1721 3011 per
1769 2927 1983 2989 venire
2029 2923 2258 3010 meglio
2305 2924 2412 2989 alli
2471 2927 2610 2991 suoi
2654 2925 2920 3012 disegni,
2981 2927 3048 2990 in
3094 2926 3295 2992 molte

617 3055 760 3098 cose
828 3031 946 3097 che
1000 3054 1153 3097 sono
1213 3040 1373 3096 state
1432 3032 1734 3096 ricercate
1794 3030 1964 3096 dalla
2031 3030 2306 3097 Cesarea
2364 3031 2641 3116 Maesta,
2702 3056 2829 3098 non
2891 3033 3064 3100 dano
3123 3032 3298 3099 altra

617 3141 888 3227 risposta
933 3162 999 3203 se
1045 3160 1171 3203 non
1220 3137 1336 3203 che
1382 3140 1432 3203 si
1464 3146 1811 3204 remetteno
1857 3138 1920 3203 al
1967 3147 2282 3204 convento
2328 3139 2672 3227 imperiale,
2717 3140 2787 3205 di
2830 3140 3022 3207 modo
3069 3140 3192 3207 che
3224 3144 3374 3207 se25

620 3248 752 3312 Sua
796 3246 1041 3311 Maesta
1086 3247 1244 3310 vora
1295 3245 1528 3310 valersi
1585 3245 1653 3309 di
1712 3247 1833 3310 essi
1890 3247 1957 3309 in
2037 3245 2187 3333 qual
2245 3269 2394 3311 cosa
2454 3249 2506 3312 si
2562 3246 2779 3334 voglia
2857 3271 2895 3312 o
2958 3256 3188 3314 contra
3248 3250 3290 3313 il

619 3353 874 3419 Turcho
921 3376 958 3417 o
1005 3361 1228 3418 contra
1272 3352 1621 3417 Lutherani
1667 3375 1704 3417 o
1752 3361 1973 3418 contra
2024 3353 2279 3418 Franza
2335 3377 2373 3419 o
2418 3355 2486 3418 in
2528 3353 2690 3420 altro
2735 3354 2944 3431 modo,
2990 3357 3027 3419 ὲ
3074 3378 3291 3422 neces-

621 3462 784 3526 sario
830 3460 948 3525 che
993 3460 1047 3524 si
1092 3461 1296 3524 faccia
1340 3468 1560 3546 questo
1619 3468 1951 3525 convento.
2042 3468 2264 3547 questo
2329 3462 2416 3525 mi
2477 3461 2560 3525 ha
2622 3461 2978 3548 significato
3037 3462 3086 3527 11
3143 3487 3284 3551 pre-

620 3568 793 3633 detto
838 3566 1083 3632 dottore
1129 3566 1393 3649 Mathia,
1441 3566 1686 3631 benche
1731 3568 1941 3653 prima
1984 3568 2051 3631 in
2097 3567 2331 3633 diversi
2377 3567 2546 3633 lochi
2589 3577 2653 3633 et
2698 3568 2782 3633 da
2829 3568 3067 3634 diversi
3113 3574 3286 3658 prin·

620 3676 747 3761 cipi
793 3672 1030 3740 habbia
1075 3696 1401 3760 compreso
1447 3673 1491 3737 il
1535 3674 1913 3756 medesimo,
1960 3681 2024 3738 et
2068 3676 2155 3738 mi
2202 3675 2286 3739 ha
2330 3684 2593 3762 pregato
2640 3675 2855 3762 voglia
2899 3677 3037 3742 fare
3087 3680 3372 3744 iuteo-³0

620 3782 770 3847 dere
817 3805 857 3847 a
901 3781 1033 3846 Sua
1078 3781 1327 3847 Santita
1371 3803 1575 3846 essere
1606 3783 1958 3847 necessario
2006 3781 2122 3846 che
2169 3804 2209 3845 a
2252 3791 2474 3869 questo
2522 3784 2573 3846 si
2619 3783 2787 3848 facia
2820 3783 3094 3871 qualche
3138 3810 3286 3851 con-

621 3887 1014 3953 sideratione.
1072 3896 1134 3952 et
1179 3888 1583 3953 discorrendo
1614 3887 1992 3953 m’adducea
2036 3888 2153 3954 che
2200 3889 2425 3954 stando
2469 3888 2528 3954 le
2560 3890 2871 3955 difficulta
2898 3891 2991 3956 dil
3020 3893 3286 3958 concilio

621 3994 915 4080 generale
988 3996 1139 4060 forsi
1184 3993 1453 4060 sarebbe
1498 3993 1660 4060 bene
1706 3995 1824 4060 0110
1871 3997 1920 4060 si
1980 3997 2219 4061 facesse
2278 4005 2502 4084 questo
2562 3997 2956 4084 provinciale
3040 4008 3106 4065 01
3171 4000 3286 4066 0110

623 4102 755 4167 Sua
799 4101 1049 4167 Santita
1093 4101 1519 4168 considerasse
1578 4126 1644 4168 se
1689 4104 1858 4168 fusse
1902 4102 2231 4189 possibile,
2292 4104 2858 4170 condescendendo
2916 4107 3001 4170 ad
3062 4107 3286 4173 alenne

625 4231 770 4274 cose
817 4248 896 4259 --
948 4231 1129 4275 come
1175 4208 1308 4274 loro
1354 4209 1581 4276 dicono
1629 4249 1711 4260 -
1762 4210 1842 4276 de
1886 4212 2095 4275 minor
2138 4214 2565 4297 importanza‚
2613 4234 2980 4278 assecurare
3025 4213 3074 4278 li
3117 4217 3283 4301 prin-
3303 4215 3371 4269 35

625 4318 750 4404 cipi
795 4318 983 4382 etiam
1031 4316 1324 4381 catholici
1373 4317 1523 4381 dalli
1570 4319 1811 4404 proprii
1855 4316 2092 4405 populi,
2140 4318 2313 4405 quali
2358 4341 2512 4383 sono
2559 4318 3020 4385 inclinatissimi
3067 4321 3129 4387 al
3159 4322 3285 4387 Lu·

623 4424 936 4489 therismo.
999 4436 1061 4488 et
1119 4427 1204 4488 mi
1251 4424 1477 4488 adusse
1524 4447 1636 4510 per
1681 4424 1974 4512 exemplo
2021 4447 2199 4490 come
2245 4425 2513 4491 sarebbe
2568 4426 2634 4491 la
2677 4431 3121 4495 communione
3165 4428 3284 4493 sub

624 4542 892 4618 utraque
939 4554 1127 4596 overo
1174 4530 1216 4595 il
1276 4533 1570 4617 coniugio
1629 4532 1694 4596 di
1756 4532 2086 4597 sacerdoti.
2180 4534 2240 4597 io
2298 4533 2342 4598 li
2400 4536 2640 4621 rispose
2698 4533 2812 4599 che
2872 4535 2964 4599 dil
3023 4535 3285 4602 concilio

625 4637 920 4723 generale
966 4639 1191 4702 nisuna
1235 4661 1504 4725 persona
1552 4662 1662 4703 era
1720 4641 1834 4725 piu
1882 4639 2138 4705 solecita
2184 4640 2250 4704 di
2297 4641 2426 4706 Sua
2471 4642 2906 4725 Beatitudine‚
2955 4652 3019 4709 et
3063 4644 3176 4709 che
3217 4642 3288 4707 la

628 4744 901 4814 Cesarea
947 4743 1191 4809 Maesta
1235 4745 1413 4810 facea
1456 4746 1907 4835 impedimento
1963 4770 2079 4837 per
2124 4747 2460 4816 l’elettione
2516 4747 2606 4816 dil
2662 4747 2803 4816 loco
2862 4758 2928 4818 et
2982 4750 3030 4817 il
3086 4750 3370 4819 0111111040
3497 4744 3498 4757 ’
