3500 5300
619 308 727 368 414
1732 309 1832 365 No.
1872 309 1970 364 1¹⁸:
2010 310 2165 364 1536.

429 510 565 562 1536
619 514 850 592 potest,
897 507 1176 591 equitate
1223 505 1572 590 improbat,
1630 505 1924 569 firmitate
1971 512 2308 588 supportat
2323 527 2339 582 3
2389 509 2468 565 et.
2516 525 2570 565 e.
2615 512 2889 587 quantus
2953 524 3030 565 ea
3099 523 3301 565 causa

620 621 686 676 et
738 635 797 697 q.
828 615 902 693 ¹):
963 620 1236 697 quantus
1295 613 1651 697 arrogantie
1698 620 1908 675 tumor
1963 618 2093 688 est,
2150 618 2387 695 quanta
2446 608 2819 672 humilitatis
2880 617 2946 671 et
3001 608 3300 671 lenitatis

617 718 855 783 oblivio
915 726 978 782 et
1040 719 1394 803 arrogantie
1412 766 1430 797 ,
1489 724 1725 805 quanta
1783 718 2052 803 jactacio
2110 724 2180 780 ut
2237 718 2381 803 quis
2445 737 2516 780 se
2571 735 2760 800 posse
2805 712 3022 778 facere
3071 713 3300 778 credat

619 824 789 911 quod
831 847 949 889 nec
996 822 1302 910 apostolis
1361 827 1678 890 concessit
1725 823 2040 902 dominus,
2098 830 2170 887 ut
2226 824 2468 886 zizania
2527 845 2565 885 a
2622 821 2939 885 frumento
2985 829 3176 906 putet
3229 843 3300 884 se

618 953 807 1016 posse
852 931 1235 997 discernere.
1310 940 1375 996 et
1420 954 1472 996 c.
1518 931 1717 996 nolite
1771 941 1868 997 11.
1916 953 1975 1015 q.
2024 938 2062 996 3
2091 931 2158 1010 ²),
2203 929 2312 994 ubi
2359 931 2594 993 citatur
2636 927 2796 992 illud
2841 928 3044 992 Josue
3099 938 3183 994 15
3218 926 3316 1008 ³)2'
3347 935 3380 985 5

617 1040 765 1123 quia
826 1060 955 1102 non
1014 1046 1360 1124 potuerunt
1416 1037 1529 1102 filii
1572 1036 1746 1101 Juda
1806 1035 2177 1123 disperdere
2223 1035 2266 1099 J
2270 1035 2540 1100 ebuseos
2558 1083 2573 1113 ,
2631 1034 3082 1100 habitaverunt
3147 1056 3298 1097 eum

618 1147 774 1230 ipsis
820 1166 1022 1229 usque
1067 1146 1134 1208 in
1178 1142 1552 1210 hodiernum
1599 1142 1766 1208 diem
1817 1145 1882 1206 in
1927 1142 2351 1208 Hierusalem.
2427 1144 2482 1205 si
2515 1164 2672 1206 vero
2710 1143 2878 1227 justa
2925 1139 3298 1204 tollerantie

616 1272 807 1316 causa
863 1250 1143 1316 abfuerit
1203 1261 1269 1316 et
1324 1252 1590 1316 avaritie
1648 1251 1919 1315 cecitate
1980 1248 2157 1314 ducti
2219 1251 2468 1313 notoria
2512 1251 2778 1313 crimina
2820 1269 2949 1312 non
2999 1245 3300 1311 vindica-

616 1360 847 1437 verint,
904 1356 1170 1423 audient
1225 1356 1385 1422 illud
1432 1356 1709 1421 Ezachie
1770 1381 1823 1421 c.
1872 1366 1910 1422 3
1941 1358 2019 1436 ⁴):
2080 1355 2165 1419 fili
2226 1355 2692 1441 speculatorem
2750 1353 2900 1419 dedi
2951 1362 3016 1417 te
3067 1352 3296 1418 domui

614 1463 817 1529 Israel
864 1473 930 1529 et
973 1463 1195 1528 audies
1242 1463 1325 1528 de
1381 1485 1489 1529 ore
1535 1485 1679 1528 meo
1726 1463 1993 1529 verbum
2040 1471 2106 1527 et
2150 1462 2520 1527 anunciabis
2569 1464 2661 1526 eis
2724 1484 2800 1526 ex
2861 1482 2996 1524 me:
3071 1463 3127 1523 si
3194 1459 3294 1524 di·
3314 1469 3378 1518 10

615 1579 800 1636 cente
844 1592 946 1635 me
977 1568 1059 1636 ad
1090 1571 1385 1656 impium:
1432 1579 1637 1635 morte
1684 1571 1993 1648 morieriS,
2039 1591 2165 1633 non
2212 1570 2644 1633 anuntiaveris
2691 1569 2751 1633 ei
2791 1589 3000 1651 neque
3031 1566 3293 1631 locutus

614 1676 832 1756 fueris,
877 1686 950 1741 ut
994 1685 1320 1741 avertatur
1363 1699 1402 1740 a
1444 1677 1552 1741 via
1597 1698 1714 1741 sua
1761 1678 1959 1763 impia
2006 1684 2072 1741 et
2117 1677 2298 1741 vivat
2352 1678 2492 1760 ipse
2555 1676 2783 1761 impius
2829 1677 2900 1738 in
2945 1675 3292 1759 iniquitate

614 1805 745 1862 sua,
790 1785 1113 1862 morietur,
1158 1785 1529 1866 sanguinem
1576 1791 1788 1847 autem
1836 1784 1972 1867 ejus
2020 1780 2100 1846 de
2145 1803 2336 1846 manu
2382 1791 2494 1846 tua
2537 1783 2869 1868 requiram.

796 1949 893 2008 76.
985 1942 1179 2019 Quod
1242 1965 1395 2007 vero
1456 1965 1574 2028 pro
1619 1942 1933 2007 corolario
1978 1944 2255 2027 ponitur,
2301 1940 2643 2027 aliquando
2690 1943 3059 2024 contingere
3107 1939 3290 2025 quod

616 2074 744 2114 non
790 2049 1126 2135 prehabita
1170 2050 1346 2135 prius
1379 2048 1669 2132 diligenti
1702 2049 2122 2133 vestigatione
2155 2057 2560 2133 superstesne
2605 2048 2690 2111 sit
2728 2045 2958 2110 absens
2999 2048 3288 2131 conjunx
3311 2053 3377 2106 15

612 2180 693 2220 an
752 2155 922 2220 diem
982 2155 1243 2236 obierit,
1304 2153 1615 2239 indulgeri
1676 2155 1928 2219 mulieri
1987 2163 2312 2219 numerata
2365 2157 2541 2240 prius
2602 2152 2892 2217 mercede
2952 2175 3102 2216 cum
3157 2152 3290 2217 alia

612 2285 883 2347 persona
941 2261 1338 2326 cohabitare:
1397 2263 1567 2346 justa
1625 2270 1724 2325 est
1782 2260 2041 2346 querela
2088 2268 2151 2324 et
2196 2260 2582 2345 antiquanda
2629 2258 3060 2338 consuetude,
3123 2261 3286 2344 quin

611 2370 827 2454 potius
875 2368 1252 2454 corruptela,
1299 2390 1443 2431 cum
1474 2367 1686 2431 nullus
1718 2365 1948 2431 amodo
1994 2365 2078 2431 ad
2108 2366 2422 2433 secundas
2462 2369 2716 2452 nuptias
2747 2367 3016 2449 migrare
3064 2365 3288 2444 debet,

611 2474 815 2538 donec
865 2484 930 2539 et
974 2483 1225 2539 constet
1269 2472 1441 2560 quod
1509 2472 1589 2537 ab
1658 2474 1779 2538 hac
1834 2474 1970 2538 vita
2011 2474 2379 2558 migraverit
2430 2475 2706 2558 conjunx
2762 2475 2930 2558 ejus:
2978 2493 3034 2536 c.
3073 2471 3286 2537 domi-

610 2603 726 2645 nus
758 2602 833 2644 ac
863 2579 1228 2667 redemptor
1257 2577 1337 2645 de
1383 2578 1681 2645 secundis
1729 2587 1904 2666 nupt.
1933 2580 1980 2661 5)
2014 2618 2118 2659 -—-‚
2163 2577 2326 2644 adeo
2374 2578 2544 2665 quod
2590 2601 2711 2644 nec
2754 2580 2946 2642 etiam
2992 2577 3102 2642 ille
3149 2584 3376 2665 queffi·

611 2688 775 2753 ultra
819 2690 1176 2774 septenium
1222 2689 1429 2752 virum
1484 2710 1669 2752 suum
1722 2685 2067 2772 prestolate
2114 2694 2290 2766 sunt,
2349 2709 2478 2751 non
2534 2695 2804 2772 possunt
2860 2684 2944 2751 ad
3006 2686 3282 2751 aliorum

609 2796 999 2860 consortium
1046 2796 1351 2860 canonice
1397 2794 1737 2859 convolare
1784 2816 1904 2859 nec
1950 2794 2327 2859 auctoritate
2360 2793 2628 2858 ecclesie
2667 2791 3094 2880 permit-tende
3126 2815 3284 2857 eon·

608 2901 875 2981 trahere,
943 2899 1145 2965 donec
1213 2909 1458 2965 certum
1526 2902 1815 2964 nuntium
1882 2901 2195 2985 recipiant
2251 2899 2333 2965 de
2403 2908 2606 2964 morte
2679 2901 2993 2965 virorum:
3076 2922 3129 2964 c.
3212 2902 3281 2964 in

607 3010 930 3093 presentia
973 3006 1057 3072 de
1103 3029 1341 3094 sponsa
1367 3008 1433 3089 Β).

608 3152 709 3213 77.
779 3147 877 3215 Ut
937 3148 1303 3213 officialium
1352 3147 1630 3233 delegati
1689 3171 1804 3214 seu
1862 3147 2202 3234 synodales
2258 3149 2502 3234 judices
2562 3148 2822 3213 illicitos
2883 3171 2920 3213 e
2976 3147 3278 3214 domibus
3295 3152 3366 3206 25

1665 3277 1896 3320 census
1943 3258 2214 3340 exigant.

786 3361 856 3427 Si
912 3364 1054 3447 quis
1112 3363 1181 3426 in
1240 3361 1570 3447 exigendis
1627 3361 2177 3449 procurationibus
2238 3375 2302 3428 et
2361 3363 2605 3447 juribus
2667 3362 3145 3450 episcopalibus
3199 3363 3276 3428 li-

606 3471 792 3533 mites
839 3491 877 3533 a
922 3470 1118 3534 sacris
1165 3467 1512 3534 canonibus
1559 3468 1882 3554 prefinitos
1941 3471 2318 3547 excesserit,
2373 3471 2610 3554 justum
2670 3477 2771 3533 est
2813 3491 3163 3553 gravamen
3211 3482 3274 3535 et

607 3577 832 3641 merito
877 3578 1060 3662 penis
1107 3597 1429 3640 sacrorum
1475 3595 1782 3639 canonum
1832 3573 2207 3638 cohercendi
2226 3623 2241 3653 ,
2287 3573 2370 3639 de
2415 3575 2649 3661 quibus
2694 3577 2760 3638 in
2807 3596 2862 3639 c.
2908 3598 3056 3639 cum
3102 3575 3276 3661 olym

608 3681 688 3746 de
734 3682 1030 3747 censibus
1060 3684 1138 3763 ⁷);
1186 3705 1236 3745 c.
1282 3682 1571 3747 Romana
1589 3706 1607 3761 ς
1654 3704 1705 3745 c.
1753 3684 1953 3766 exigit
1995 3690 2062 3745 et
2104 3704 2155 3745 c.
2199 3680 2405 3746 felicis
2453 3703 2530 3747 eo
2561 3680 2886 3764 titulo⁸)⁸).
3291 3687 3362 3740 30

753 3842 797 3891 a)
825 3841 922 3882 Rea.
952 3843 974 3881 1
1000 3840 1097 3882 add.
1128 3841 1195 3883 sie
1222 3852 1304 3882 nee
1330 3839 1612 3893 permittendi
1638 3839 1865 3882 elnodalee
1886 3840 2062 3892 judiees
2102 3839 2292 3882 illicitae
2318 3839 2464 3883 fecere
2504 3840 2785 3893 exactiones,
2823 3842 2901 3883 sed
2931 3852 3007 3883 ees
3045 3841 3274 3885 emunt

607 3922 690 3963 que
717 3925 743 3955 e
761 3912 901 3955 eteris
926 3911 1167 3955 canonibus
1194 3912 1243 3953 et
1268 3923 1296 3953 e
1323 3910 1543 3953 laudabili
1573 3911 1622 3953 et
1638 3911 1907 3963 praescript·
1923 3910 2247 3953 consuetudin
2276 3912 2380 3952 sunt
2405 3911 2660 3962 permissae.
2711 3913 2757 3953 et
2783 3913 2824 3953 si
2855 3923 2967 3962 quae
2993 3922 3073 3965 per
3089 3914 3274 3956 thum

606 3982 751 4025 indies
779 3983 1009 4031 creverint.
1040 3983 1328 4026 moderandae
1356 3983 1403 4024 et
1430 3982 1481 4024 nt
1504 3981 1671 4034 petitu
1697 3981 2010 4025 cohercenda.

751 4072 795 4138 ¹)
835 4091 877 4130 c.
915 4077 981 4127 14
1021 4071 1076 4128 G.
1116 4076 1188 4127 33
1223 4090 1271 4142 q.
1311 4076 1360 4127 4.

750 4161 794 4231 ²)
833 4180 875 4218 c.
916 4166 951 4216 3
987 4161 1060 4217 D.
1099 4165 1176 4216 11.
3289 4150 3354 4203 35

751 4250 792 4318 3)
828 4251 939 4306 Jos.
974 4253 1041 4305 15
1076 4268 1128 4304 v.
1166 4253 1251 4304 63.

749 4338 790 4401 ⁴)
828 4338 1024 4395 Ezeeh.
1062 4343 1099 4393 3
1138 4358 1180 4394 v.
1221 4340 1347 4404 17f.

750 4427 791 4489 ὃ)
827 4427 952 4483 Lib.
989 4429 1086 4483 IV
1117 4429 1199 4484 tit.
1235 4431 1307 4482 21
1344 4445 1388 4484 c.
1425 4432 1478 4482 2.

749 4516 790 4581 Β)
827 4516 953 4573 Lib.
989 4517 1091 4573 IV
1121 4518 1205 4573 tit.
1246 4521 1278 4571 1
1314 4533 1360 4573 c.
1395 4520 1479 4571 19.

754 4605 795 4675 ⁷)
833 4606 955 4662 Lib.
991 4606 1101 4662 III
1130 4606 1217 4661 tit.
1255 4609 1327 4662 39
1364 4622 1407 4662 c.
1444 4608 1529 4661 19.
3285 4602 3352 4657 4⁴]

750 4692 789 4762 ⁸)
826 4693 980 4749 Sexti
1015 4695 1108 4749 lib.
1146 4694 1256 4750 ΠΙ
1286 4694 1367 4751 tit.
1404 4698 1483 4751 20
1509 4710 1551 4749 c.
1590 4698 1635 4749 1.
1672 4699 1723 4749 2.
1763 4698 1813 4748 3.
