3500 5300
746 343 846 400 No.
884 342 1067 400 10*—-
1090 343 1222 400 11*:
1264 344 1398 401 1537
1435 362 1486 400 n.
1526 344 1674 416 April
1715 311 1864 400 16⁵—
1886 345 2020 402 1538
2055 343 2255 401 Januar
2290 347 2376 402 30.
2787 343 2891 404 441

236 543 604 627 quutionem
660 545 1168 607 constantissime
1228 544 1509 607 intentus
1568 554 1953 629 perseverat.
2044 543 2213 609 hunc
2272 544 2452 608 Deus
2511 545 2767 609 felicem
2827 553 2891 609 et
2986 549 3123 598 1537

235 650 611 715 incolumem
658 650 770 715 diu
815 651 999 715 nobis
1047 658 1257 714 servet
1312 650 1393 714 ad
1455 652 1763 715 ecclesiae
1824 674 1976 715 suae
2033 660 2288 716 sanctae
2347 653 2888 716 conservationem
2909 618 3120 685 ⁹²'Apr'
3143 621 3210 670 16

237 765 301 820 ct
346 759 822 822 incrementum.
913 778 1115 821 amen.

235 954 311 1019 ll
326 957 383 1019 *.
475 954 841 1035 Anonynws
889 952 1241 1018 szachten
1286 953 1439 1018 iiber
1485 954 1585 1017 die
1629 953 2063 1019 Modalitiiten
2107 956 2218 1019 cler
2257 956 2712 1038 yenwinsamen
2762 956 2887 1019 Be-
2962 960 3102 1009 1538

176 1077 213 1130 5
230 1060 563 1143 sch-ickuny
609 1060 717 1125 des
763 1066 1138 1144 amesayten
1173 1059 1425 1125 Concas-
1470 1061 1668 1124 durch
1714 1062 1815 1125 die
1862 1062 2078 1125 beiden
2110 1062 2500 1127 blihmischen
2535 1063 2886 1128 Glaubevw-
2907 1028 3039 1081 ''⁰⁷²'‘
3077 1032 3153 1081 30

227 1169 530 1248 parteien.
620 1168 790 1232 1538
833 1168 1093 1233 Januar
1137 1172 1223 1234 30
1268 1166 1534 1253 [Pra9].

372 1311 495 1366 Aua
529 1310 687 1377 Rom,
725 1312 893 1366 Arch.
945 1310 1066 1366 Vat.
1116 1313 1266 1365 Arm.
1308 1312 1377 1366 64
1427 1311 1546 1368 Vol.
1599 1313 1668 1364 26
1725 1311 1835 1374 (De
1873 1311 2161 1378 Bohemia)
2220 1312 2310 1367 fol.
2362 1314 2705 1367 aaa-102³
2757 1313 2885 1381 0012.

443 1417 616 1456 coaev.

586 1524 974 1591 Consultatio
1022 1548 1211 1612 super
1255 1526 1466 1590 futuro
1513 1525 1781 1590 concilio
1840 1533 1902 1591 et
1947 1528 2280 1613 propositis
2340 1550 2380 1591 a
2425 1525 2610 1591 Serm
2657 1527 2884 1592 Roma-

139 1649 211 1702 10
494 1655 719 1697 norum
764 1631 1094 1719 Hungarie
1152 1631 1574 1719 Bohemieque
1634 1633 1836 1718 Regia
1897 1632 2229 1720 Majestate
2288 1635 2351 1697 in
2399 1636 2672 1720 presenti
2719 1635 2887 1701 dieta

495 1762 708 1806 coram
778 1739 1045 1804 statibus
1114 1738 1314 1804 incliti
1384 1742 1561 1825 regni
1632 1738 1933 1804 Bohemie
2003 1762 2170 1806 anno
2231 1739 2468 1805 domini
2543 1752 2710 1809 1538
2783 1743 2885 1807 die

499 1857 583 1913 30
618 1847 902 1933 januarii
929 1845 1003 1935 ⁸).

405 1989 603 2055 Sacra
648 1991 849 2076 Regia
895 1989 1195 2076 Majestas
1263 1991 1417 2054 facit
1475 1990 2010 2077 quemadmodum
2058 1990 2572 2057 christianissimo
2631 1994 2764 2078 regi
2823 2002 2885 2059 et

226 2098 495 2161 amatori
541 2097 728 2182 hujus
773 2096 970 2161 incliti
1016 2098 1194 2183 regni
1240 2096 1646 2184 ejusdemque
1706 2096 2167 2183 regnicolarum
2228 2100 2545 2162 communi
2593 2100 2882 2164 fortunae

134 2219 203 2272 15
224 2204 367 2288 paci
413 2213 478 2268 et
524 2202 710 2268 saluti
759 2203 1159 2268 commodum
1206 2213 1268 2268 et
1312 2206 1696 2268 conveniens
1741 2213 1851 2267 est.

402 2310 731 2397 Efflagitat
787 2312 954 2375 enim
1027 2333 1102 2375 ac
1165 2319 1295 2374 tam
1353 2313 1624 2396 gratiose
1699 2334 1739 2374 a
1797 2310 2062 2375 subditis
2119 2312 2296 2396 regni
2355 2310 2542 2398 hujus
2596 2315 2752 2399 petit
2807 2336 2883 2377 ac

224 2418 570 2501 desiderat,
640 2420 730 2482 uti
802 2440 929 2482 una
973 2440 1117 2482 cum
1174 2417 1310 2481 aliis
1358 2416 1697 2482 Catholicis
1754 2418 1837 2482 ad
1900 2418 2183 2483 futurum
2242 2427 2306 2482 et
2351 2419 2620 2504 jamjam
2678 2420 2881 2483 immi-

222 2547 379 2589 nens
438 2531 501 2589 et
554 2547 757 2611 nuper
818 2525 1126 2589 indictum
1188 2523 1521 2589 concilium
1584 2547 1885 2611 personas
1942 2525 2171 2611 eligere
2228 2548 2304 2590 ac
2366 2527 2609 2589 mittere
2668 2524 2878 2590 velint.

220 2633 505 2697 futurum
577 2638 785 2697 autem
855 2639 920 2697 et
981 2634 1119 2718 jam
1181 2631 1574 2719 publicatum
1647 2630 1980 2698 concilium
2045 2634 2320 2697 maxime
2385 2632 2469 2697 ad
2527 2631 2877 2720 parandam

125 2756 202 2808 20
221 2739 849 2827 constituendamque
909 2741 1211 2805 unitatem
1268 2742 1335 2803 in
1399 2742 1715 2805 communi
1775 2739 2005 2826 populo
2078 2739 2416 2806 christiano
2486 2762 2599 2826 per
2660 2738 2876 2804 orbem

221 2846 632 2913 christianum
678 2847 909 2929 tendit3
956 2854 1017 2913 et
1059 2846 1281 2933 procul
1326 2846 1520 2911 dubio
1566 2849 1632 2911 in
1681 2847 1943 2912 concilio
1990 2846 2109 2911 hoc
2154 2847 2234 2912 de
2280 2849 2597 2911 communi
2638 2851 2877 2912 unitate

221 2953 723 3020 Christianorum
770 2962 833 3019 et
876 2956 1266 3040 potissimum
1330 2956 1493 3019 inter
1550 2956 1854 3041 precipua
1912 2955 2101 3019 totius
2161 2954 2378 3019 mundi
2441 2956 2654 3040 capita
2711 2964 2874 3019 trac-

218 3060 475 3126 tabitur.
646 3064 651 3069 ’

396 3168 666 3257 Insuper
711 3168 966 3251 abusus,
1014 3170 1122 3255 qui
1168 3192 1207 3232 a
1261 3169 1558 3254 preterito
1618 3167 1884 3233 concilio
1943 3177 2077 3234 tum
2134 3169 2200 3232 in
2255 3168 2677 3233 ecclesiastico
2738 3177 2872 3234 tum

120 3290 197 3345 25
217 3278 283 3340 in
332 3276 640 3341 saeculari
686 3275 953 3341 statibus
998 3278 1404 3362 irrepserunt,
1459 3276 1968 3341 reformationem
2029 3276 2499 3362 remediumque
2563 3278 2874 3363 accipient

216 3392 281 3448 et
328 3381 560 3449 habere
605 3392 914 3471 poterunt

396 3491 500 3555 Ad
570 3490 724 3556 haec
792 3491 1108 3578 quomodo
1177 3492 1498 3555 communi
1568 3489 1727 3554 hosti
1811 3490 1999 3554 totius
2067 3488 2554 3555 Christianitatis
2624 3491 2874 3557 Turcae

203 3600 449 3685 junctis
494 3597 735 3663 viribus
778 3600 1065 3663 resistere
1112 3599 1422 3684 possimus
1466 3596 1842 3661 consuletur.

394 3706 718 3771 Postremo
763 3707 896 3770 sine
942 3703 1135 3770 dubio
1194 3705 1700 3791 pernitiosissime
1771 3705 2093 3790 opiniones
2153 3703 2716 3790 Anabaptistarum
2777 3728 2871 3769 er-

115 3828 196 3881 30
214 3834 510 3899 roresque
556 3814 819 3877 maximi
865 3825 1090 3877 contra
1134 3810 1494 3877 venerabile
1540 3820 2022 3894 sacramentum,
2068 3810 2190 3876 alie
2236 3833 2484 3898 quoque
2542 3813 2869 3876 innumere

214 3930 277 3985 et
345 3919 614 3986 antehac
678 3920 961 3985 inaudite
1034 3920 1386 4007 impietates
1444 3942 1646 4006 nuper
1698 3920 1765 3982 in
1825 3917 2170 3984 Germania
2229 3916 2482 3984 suborte
2541 3926 2604 3983 et
2660 3918 2870 3984 adhuc

212 4025 598 4114 pullulantes
642 4028 1061 4092 discutientur
1106 4036 1169 4091 et
1213 4028 1403 4091 finem
1449 4025 1792 4092 habebunt.

393 4133 735 4220 Quumque
781 4134 940 4220 proh
987 4134 1166 4199 dolor
1211 4135 1275 4198 in
1321 4133 1632 4221 plerisque
1677 4133 1832 4200 locis
1884 4135 1950 4198 in
2011 4135 2331 4198 communi
2388 4131 2580 4219 vulgo
2639 4143 2701 4199 et
2758 4157 2866 4221 po·

210 4241 363 4329 pulo
410 4245 712 4306 corruerit
758 4244 946 4306 timor
992 4252 1053 4305 et
1100 4241 1304 4306 cultus
1359 4241 1482 4306 Dei
1541 4242 1983 4327 extinctaeque
2039 4242 2162 4305 sint
2223 4242 2649 4306 conscienciae
2708 4242 2866 4305 mul-

111 4362 192 4419 35
210 4358 422 4414 torum
466 4358 530 4413 et
575 4372 726 4435 erga
771 4356 1108 4435 potestates
1152 4371 1228 4413 ac
1276 4350 1625 4435 superiores
1672 4348 1899 4412 cecidit
1946 4370 2098 4411 vera
2143 4358 2204 4411 et
2244 4346 2460 4411 debita
2491 4346 2865 4431 obedientia,

210 4478 383 4522 nunc
428 4455 536 4520 illa
580 4458 792 4521 omnia
835 4458 903 4520 in
958 4456 1077 4521 hoc
1135 4479 1313 4521 sacro
1377 4454 1639 4520 concilio
1698 4455 2085 4520 restituenda
2142 4463 2327 4519 erunt
2384 4456 2448 4517 in
2509 4453 2744 4519 bonum
2785 4464 2867 4521 et

208 4565 502 4630 divinum
548 4563 851 4629 ordinem.

354 4766 396 4813 a)
426 4760 606 4801 Ducam«
640 4751 892 4813 Ubersclare'st
919 4762 1023 4801 auch
1053 4760 1129 4801 501.
1160 4764 1212 4805 98
1225 4772 1263 4803 a.
