3500 5300
566 312 675 375 m
1675 315 1776 371 No.
1816 318 1915 371 1¹¹:
1955 317 2110 371 1536.

374 517 512 567 1536
566 513 757 578 medii
825 514 1071 579 fructus
1139 515 1324 600 primi
1390 516 1535 577 anni
1605 537 1852 577 summo
1920 513 2234 578 sacerdoti
2305 516 2662 578 reservari?
2761 522 2976 598 potaet
3042 521 3238 598 pater

566 623 875 705 castigare
920 620 1117 684 filium
1148 619 1270 685 sibi
1303 621 1602 685 alimenta
1633 618 2081 704 denegantem:
2128 621 2167 685 l.
2201 631 2258 687 3.
2291 619 2364 685 C.
2411 620 2490 684 de
2521 629 2649 706 pat.
2682 629 2849 706 pote.
2883 622 2926 699 ¹)
2945 643 2962 696 ;
3009 626 3230 704 potest

566 727 649 791 ob
695 730 1137 792 necessitatem
1182 727 1344 791 filios
1392 727 1704 812 obligare:
1772 728 1812 792 1.
1859 730 1966 813 qui
2015 728 2175 791 filios
2223 727 2296 793 C.
2357 750 2480 811 quc
2526 749 2627 791 res
2684 728 2894 812 pigno,
2942 725 3228 808 obligare

566 845 834 920 possunt
860 839 935 914 ²);
984 834 1020 897 l.
1074 846 1127 900 1.
1174 842 1237 899 et
1288 843 1343 899 2.
1390 833 1463 899 C.
1512 834 1593 899 de
1638 845 1818 921 patre
1867 836 1971 921 qui
2020 834 2182 898 filios
2230 833 2446 897 distra.
2475 837 2521 914 ³)
2571 860 2683 898 ——z
2733 844 2796 897 et
2825 843 3006 919 pater
3035 833 3228 917 spiri-

565 940 772 1020 tualis,
817 943 917 1004 cui
966 964 1091 1005 non
1138 943 1346 1006 minus
1393 935 1681 1027 obsequii
1730 940 2035 1005 debemus
2083 964 2270 1027 quam
2318 941 2573 1018 carnali,
2619 962 2744 1004 non
2790 941 3026 1025 poterit
3062 960 3224 1024 quo-
3283 949 3318 1000 5

565 1057 695 1112 tam
740 1047 1067 1111 fructuum
1116 1048 1689 1112 ceclesiasticorum
1736 1071 1854 1111 suo
1901 1051 2038 1112 usui
2089 1058 2150 1111 et
2200 1047 2682 1112 necessitatibus
2728 1049 3096 1111 reservare?

741 1153 935 1232 Quod
980 1157 1035 1218 si
1083 1157 1396 1242 quispiam
1443 1153 1710 1219 diceret:
1762 1178 1888 1218 non
1935 1154 2172 1219 debent
2217 1155 2327 1218 filii
2375 1154 2742 1241 parentibus
2784 1153 3226 1229 thesaurizare,

565 1259 682 1325 sed
727 1270 1021 1346 parentes
1066 1263 1210 1326 filiis
1258 1270 1319 1344 (2
1346 1261 1632 1327 Corinth.
1673 1269 1772 1342 12)
1801 1265 1868 1344 ⁴),
1915 1285 2036 1326 nec
2081 1263 2269 1326 etiam
2318 1263 2720 1326 necessitatis
2766 1270 3047 1346 tempore
3097 1262 3220 1323 nisi

564 1369 671 1452 qui
721 1390 869 1432 vere
916 1378 1063 1433 sunt
1110 1369 1251 1448 filii3
1312 1367 1505 1434 habet
1562 1379 1773 1434 autem
1833 1369 2102 1433 ecclesia
2157 1368 2446 1433 Romana
2503 1370 2822 1454 propriam
2882 1366 3184 1431 diocesim
3203 1391 3223 1444 3

566 1497 643 1539 ex
702 1498 775 1539 ea
833 1476 1197 1540 sacerdotes
1259 1498 1374 1540 suo
1434 1476 1817 1542 subveniant
1876 1478 2212 1561 episcopo;
2281 1474 2474 1539 habet
2531 1474 2807 1560 amplum
2876 1472 3222 1559 temporale
3244 1483 3314 1536 10

566 1581 945 1662 dominium,
1005 1586 1050 1647 ii
1111 1605 1227 1648 suo
1292 1583 1676 1647 subveniant
1734 1582 2021 1660 domino;
2083 1603 2210 1646 non
2269 1593 2617 1666 graventur
2669 1582 2774 1646 alii
2824 1583 2928 1666 qui
2979 1591 3040 1644 et
3088 1583 3222 1644 suis

565 1688 837 1754 dominis
897 1701 963 1754 et
1018 1690 1411 1776 principibus
1470 1689 1811 1754 subvenire
1868 1698 2167 1754 tenentur
2224 1699 2286 1752 et
2349 1692 2490 1775 qui,
2559 1692 2610 1753 si
2684 1691 2873 1753 etiam
2929 1688 3223 1752 Romano

564 1799 844 1883 pontifici
909 1819 1024 1882 per
1082 1793 1433 1862 mediorum
1482 1796 1804 1861 fructuum
1863 1797 2242 1860 solutionem
2288 1796 2689 1874 subveniant,
2735 1794 3019 1882 dupplici
3078 1818 3224 1880 pre-

564 1911 909 1985 gravantur
937 1926 1130 1968 onere
1156 1930 1268 1967 -ε
1294 1902 1820 1990 respondebimus
1851 1905 2150 1988 majorem
2183 1904 2303 1968 hac
2330 1911 2499 1968 etate
2526 1901 2940 1967 subveniendi
2975 1925 3222 1967 summo

565 2011 847 2097 pontifici
918 2011 1144 2075 adesse
1212 2013 1655 2075 necessitatem
1725 2033 1912 2096 quam
1980 2033 2125 2075 cum
2184 2013 2474 2075 institute
2536 2020 2681 2074 sunt
2743 2019 2990 2074 annate.
3093 2032 3222 2073 non
3245 2016 3312 2069 15

567 2120 733 2181 enim
778 2118 969 2182 modo
1015 2116 1096 2182 dc
1156 2117 1585 2204 recuperanda
1632 2116 2068 2193 Hierusalem,
2127 2141 2252 2182 non
2311 2116 2392 2182 de
2453 2116 2857 2182 defendendo
2901 2116 3222 2202 Belgi-ado

566 2235 673 2288 aut
720 2224 926 2304 Rodo,
972 2246 1097 2288 non
1146 2223 1227 2288 de
1273 2223 1608 2288 inferendo
1654 2224 1843 2302 bello,
1889 2224 2001 2289 sed
2050 2223 2130 2289 de
2175 2224 2610 2313 propulsando
2641 2227 3220 2310 immanissimoque

566 2330 749 2395 hoste
795 2354 833 2395 a
877 2331 1233 2396 cervicibus
1282 2334 1514 2412 nostris
1574 2329 1972 2417 repellendo;
2042 2354 2168 2395 non
2226 2331 2307 2396 de
2353 2331 2718 2417 ampliando
2764 2333 3060 2417 imperim
3106 2332 3219 2396 sed

566 2438 647 2502 de
693 2440 819 2502 aris
865 2438 1027 2502 focis
1074 2440 1209 2502 vit-a
1257 2445 1319 2502 et
1367 2438 1658 2503 libertate
1721 2442 1958 2523 agitur,
2004 2461 2196 2523 qutun
2253 2461 2332 2503 ea
2373 2438 2540 2503 adsit
2589 2441 2932 2503 necessitas
2978 2449 3048 2502 ut
3095 2461 3218 2502 non

567 2544 646 2609 de
692 2544 974 2610 tollendo
1036 2567 1112 2608 eo
1172 2568 1360 2609 onere
1421 2545 1593 2630 quod
1650 2555 1747 2609 tot
1805 2546 2158 2610 seculorum
2223 2549 2679 2632 prescriptione
2735 2555 3060 2631 receptum
3105 2551 3313 2620 est,20

566 2653 679 2718 sed
728 2653 808 2717 de
855 2654 979 2716 alio
1026 2652 1407 2738 imponendo
1455 2656 1539 2718 sit
1583 2653 2009 2738 cogit-andum.

742 2759 938 2838 Quod
996 2782 1150 2824 vero
1210 2761 1531 2825 Romanus
1586 2761 1880 2847 pontifex
1937 2763 2260 2846 propriam
2326 2759 2552 2825 habeat
2624 2760 2960 2824 diocesim:
3030 2761 3216 2825 habet

566 2866 823 2953 quidem
881 2869 1229 2953 propriam,
1276 2868 1622 2932 Romanam
1682 2868 1960 2946 scilicet,
2018 2889 2143 2953 que
2190 2867 2423 2932 nullius
2479 2867 2739 2932 alterius
2785 2870 2870 2931 sit
2915 2867 3220 2945 diocesis3

564 2974 679 3039 sed
726 2998 852 3039 non
897 2977 1170 3061 propria,
1216 2974 1386 3061 quod
1432 2975 1533 3040 his
1578 2975 1886 3039 limitibus
1933 2998 2050 3039 sua
2094 2975 2480 3060 prefiniat-ur.
2570 2997 2714 3039 cum
2753 2977 2918 3038 enim
2967 2976 3221 3039 univer-

565 3083 716 3147 salis
774 3082 1044 3147 ecclesie
1104 3085 1189 3146 sit
1248 3084 1613 3168 episcopus,
1672 3085 2008 3147 universus
2069 3081 2241 3146 orbis
2296 3102 2412 3144 sua
2471 3090 2566 3145 est
2624 3079 2929 3145 diocesis:
3000 3103 3054 3145 c.
3107 3086 3310 3167 pei-25

565 3190 975 3275 principalem
1006 3191 1082 3269 ι5);
1129 3212 1182 3254 c.
1228 3199 1458 3254 cuncta
1500 3212 1615 3275 per
1660 3188 1972 3257 mundum.
1999 3199 2055 3256 9.
2086 3212 2145 3274 q.
2180 3198 2217 3255 3
2248 3192 2313 3269 ⁶).
2382 3210 2500 3251 nec
2533 3189 2736 3272 magis
2783 3187 2891 3251 alii
2936 3186 3216 3274 dupplici

565 3318 753 3359 onere
803 3305 1260 3381 pregravantur
1303 3298 1411 3381 qui
1459 3298 1591 3361 suis
1638 3295 2023 3360 subveniant-
2080 3295 2476 3383 principibus
2507 3304 2553 3371 ⁸)
2571 3344 2586 3373 ,
2646 3317 2790 3359 cum
2852 3302 2916 3358 et
2962 3293 3220 3359 ditionis

566 3403 834 3466 ecclesie
895 3402 1134 3467 subditi
1178 3412 1395 3489 preter
1461 3403 1705 3467 medios
1775 3402 2021 3468 fructus
2078 3402 2488 3468 ecclesiarum
2551 3412 2617 3464 et-
2673 3401 2952 3465 deeimas
3012 3400 3224 3465 reddi-

565 3520 741 3573 tumn
802 3518 867 3572 et
922 3510 1049 3575 alia
1107 3532 1300 3574 onera
1357 3510 1642 3574 subeant.
1747 3533 1822 3575 ac
1882 3508 1963 3574 de
2033 3510 2303 3574 ecclesie
2362 3508 2692 3594 temporali
2757 3507 3040 3573 dominio
3097 3511 3222 3595 jam

566 3619 721 3681 sat-is
782 3616 1074 3681 omnibus
1136 3627 1388 3681 constat
1447 3639 1636 3703 quam
1699 3619 1913 3702 exigui
1971 3618 2100 3680 sint
2167 3615 2456 3681 redditus
2519 3624 2583 3679 et
2641 3638 2833 3700 quam
2891 3638 3092 3701 parva
3161 3618 3224 3679 in
3242 3622 3314 3675 30

564 3726 749 3789 terris
797 3724 1064 3789 ecclesie
1110 3723 1470 3810 pendantur
1513 3725 1886 3808 vectigalia,
1947 3733 2015 3787 ut
2078 3725 2187 3788 vix
2246 3745 2440 3788 onera
2494 3744 2573 3785 ex
2632 3721 2733 3787 his
2779 3721 3225 3807 persolvantur

565 3832 881 3897 ordinaria
926 3832 1142 3918 nilque
1187 3834 1463 3917 supersit
1509 3831 1681 3918 quod
1727 3833 1794 3894 in
1839 3831 1995 3895 alias
2027 3832 2440 3894 necessitates
2487 3828 2818 3894 transferri
2863 3831 3084 3915 possit.
3159 3839 3220 3893 et

566 3963 643 4005 eo
688 3942 895 4005 minus
945 3940 1078 4003 tolli
1124 3947 1340 4025 posset
1390 3939 1741 4003 mediorum
1787 3937 2108 4002 fructuum
2157 3937 2407 4016 solutio,
2451 3936 2622 4021 quod
2685 3960 2760 4001 ex
2811 3944 3142 4001 contractu
3188 3958 3225 3999 a

709 4104 752 4145 a)
781 4100 879 4141 Red.
916 4103 933 4140 1
959 4102 1064 4141 siau
1090 4100 1162 4140 des
1179 4099 1401 4152 folgenden
1442 4098 1645 4149 quonian
1684 4100 1732 4139 ot
1765 4099 1910 4149 prebor
1947 4098 2133 4138 :nantas
2161 4107 2244 4146 que
2271 4096 2379 4136 aliis
2407 4107 2655 4137 communes
2684 4097 2816 4143 sunt,
2855 4107 2910 4137 aa
2946 4095 3228 4137 combibunt

566 4172 763 4223 pontiflci
792 4183 876 4222 que
905 4174 953 4211 et
976 4170 1055 4212 alii
1083 4171 1180 4211 suls
1207 4170 1493 4221 principibus.
1551 4169 1705 4210 Danu.-
1733 4169 1949 4221 objiciant
1975 4179 2125 4209 rursus
2152 4167 2232 4208 alii
2264 4198 2274 4208 .
2309 4198 2319 4208 .
2357 4196 2368 4208 .
2401 4198 2410 4207 .
3243 4166 3312 4220 35

716 4262 753 4317 ¹)
795 4263 850 4315 C.
902 4261 1059 4314 VIII
1089 4261 1172 4313 tit.
1212 4262 1285 4313 47
1322 4260 1356 4312 l.
1396 4263 1445 4313 3.

712 4352 750 4407 ²)
791 4352 847 4405 Cf.
894 4350 1051 4403 VIII
1081 4351 1163 4402 tit.
1204 4352 1273 4401 17
1310 4350 1342 4402 l.
1384 4352 1432 4401 6.

711 4440 749 4489 ³³}
794 4440 847 4493 (Ὗ.
890 4440 984 4492 IV
1016 4441 1102 4491 til.
1144 4442 1214 4490 43
1251 4438 1285 4491 Ῑ.
1323 4442 1367 4491 1.
1407 4443 1462 4491 2.

710 4532 752 4579 ‘l
791 4531 970 4584 20022
1014 4533 1081 4581 12
1120 4548 1161 4581 r.
1205 4531 1286 4581 14.
1372 4556 1380 4565 ·

711 4618 751 4677 ιἾ
792 4637 819 4672 c
872 4623 943 4674 21
978 4621 1072 4685 fin.
1115 4618 1172 4672 G.
1212 4621 1248 4671 9
1282 4634 1329 4685 q.
1369 4622 1419 4669 3.

713 4706 1289 4775 ⁶10.170.9q.3.
1931 4713 1938 4719 ·
3249 4703 3315 4757 40
