3500 5300
553 314 671 376 828·
1123 316 1223 371 No.
1263 317 1574 370 124—125:
1617 316 1756 371 1535
1791 315 1992 370 Januar
2026 316 2252 370 27.-—-c.
2291 314 2520 370 Februar
2556 316 2654 370 inc.

345 517 484 567 1535
563 514 963 580 Venetorum.
1056 512 1140 577 ad
1208 513 1481 599 primum
1551 512 1846 598 respondi
1916 511 2365 577 efficacissimis
2434 509 2646 576 verbis
2710 510 2877 597 quod
2927 511 3060 575 vidi
3108 533 3231 596 ego

296 584 428 640 ‘7⁰²⁸‘
463 589 541 639 2⁷
559 619 744 686 valde
788 620 976 686 letam
1025 620 1420 707 Majestatem
1469 619 1764 684 Vestram
1825 619 1904 684 de
1967 617 2076 683 tali
2135 618 2461 683 ellectione
2518 626 2583 683 et
2639 617 2941 703 repletam
2989 640 3230 703 magna

556 751 668 814 spe
739 727 908 814 quod
978 726 1135 792 fides
1180 726 1334 791 Jesu
1382 725 1614 791 Christi
1674 724 1904 790 debeat
1963 726 2317 790 instaurari.
2412 747 2537 811 quo
2606 724 2861 812 quidem
2922 746 3228 811 responso

554 838 644 900 ita
687 833 1006 900 letabatur
1064 832 1350 919 pontifex
1401 840 1469 896 ut
1514 832 1731 897 fecerit
1778 856 1878 896 me
1925 834 2131 919 ipsum
2194 833 2402 918 sepius
2456 830 2779 918 replicare.
2873 831 2956 895 ad
3003 854 3223 896 secun-

554 942 707 1007 dum
755 940 1053 1027 respondi
1098 939 1267 1027 quod
1315 938 1445 1004 Sua
1492 939 1808 1004 Sanctitas
1869 940 2027 1003 sciat
2086 961 2201 1025 pro
2256 947 2428 1003 certo
2474 938 2644 1025 quod
2691 939 2874 1003 Ser¹¹¹⁸
2923 938 3280 1026 Majestasf)

553 1049 786 1114 Vestra
832 1047 1211 1133 compatitur
1258 1047 1487 1110 mirum
1546 1047 1613 1109 in
1658 1045 1917 1110 modum
1975 1047 2108 1131 regi
2159 1044 2491 1111 Gallorum
2537 1045 2708 1133 quod
2754 1054 3112 1131 perseveret
3157 1048 3223 1111 in

554 1156 740 1221 certis
787 1155 968 1219 vanis
1023 1154 1308 1218 fantasiis
1353 1159 1416 1217 et
1462 1153 1783 1217 damnosis
1841 1151 2228 1239 reipublicae
2274 1153 2684 1234 christianae,
2743 1160 2808 1217 et
2865 1153 3034 1240 quod
3081 1155 3226 1240 ipsa

554 1262 858 1349 Majestas
888 1260 1119 1327 Vestra
1149 1258 1392 1325 nullum
1439 1259 1529 1324 illi
1578 1259 1772 1325 habet
1803 1260 2051 1343 odium,
2098 1261 2150 1323 si
2196 1260 2384 1324 modo
2429 1258 2532 1324 ille
2577 1258 2767 1324 vellet
2813 1261 3094 1345 cogitare
3142 1261 3224 1326 de

553 1367 946 1456 deponendis
990 1366 1114 1432 illis
1160 1368 1289 1432 suis
1318 1366 1905 1454 perturbationibus
1950 1367 2162 1432 animi.
2227 1366 2307 1431 ad
2357 1367 2612 1431 tertium
2661 1366 2796 1431 dixi
2844 1367 3014 1454 quod
3061 1390 3223 1432 sem-

551 1498 666 1563 per
710 1476 1058 1540 invenerim
1103 1475 1387 1538 animum
1436 1473 1785 1561 Majestatis
1815 1474 2083 1539 Vestrae
2128 1474 2194 1537 in
2241 1472 2453 1538 multis
2499 1472 2935 1539 occasionibus
2981 1472 3222 1540 bonum
3245 1483 3314 1534 10

552 1589 721 1649 certe
788 1604 940 1668 erga
1006 1579 1178 1645 illam
1224 1579 1684 1667 rempublicam
1739 1588 1802 1645 et
1847 1581 2015 1667 quod
2065 1580 2250 1644 valde
2295 1589 2510 1646 errant
2554 1582 2664 1668 qui
2710 1603 2892 1646 secus
2938 1581 3221 1647 dissemi-

552 1696 721 1755 nant

730 1796 911 1860 Haec
956 1801 1103 1860 sunt
1148 1796 1361 1880 capita
1404 1795 1608 1880 magis
1653 1793 2030 1880 principalia
2077 1816 2239 1882 quae
2269 1796 2494 1881 putavi
2540 1793 2893 1880 scribenda,
2942 1796 3053 1860 sed
3093 1795 3224 1862 alia

552 1905 744 1970 etiam
790 1901 1062 1967 scribam
1110 1899 1388 1988 posthac.
1481 1909 1671 1988 atque
1740 1908 1812 1965 ut
1878 1902 2113 1987 possim
2183 1908 2355 1966 tutus
2422 1900 2544 1966 hoc
2615 1902 2854 1985 facere,
2924 1905 3068 1967 misi
3136 1904 3221 1968 ad

552 2012 724 2076 me
772 2007 1157 2075 cardinalem
1190 2007 1652 2091 Tridentinum,
1698 2008 2025 2073 dominum
2055 2030 2265 2072 meum
2296 2010 2666 2094 gratiosum,
2716 2032 2906 2074 unam
2940 2010 3221 2094 ziferam,
3245 2017 3315 2067 15

553 2140 714 2206 quae
760 2116 951 2182 etiam
995 2115 1077 2179 ad
1124 2115 1522 2201 Maiestatem
1569 2114 1866 2180 Vestram
1913 2116 2390 2180 transmittatur.

731 2222 921 2303 Quod
968 2222 1051 2287 ad
1099 2244 1308 2287 meum
1353 2221 1627 2287 reditum
1688 2223 1943 2306 attinet,
2003 2244 2121 2308 ego
2182 2222 2487 2288 hactenus
2547 2222 2701 2288 nihil
2745 2246 3006 2310 possum
3051 2225 3219 2289 affir-

553 2354 746 2396 mare.
838 2332 891 2394 si
936 2336 1150 2395 tamen
1196 2329 1403 2395 dicere
1448 2327 1650 2394 debeo
1695 2328 1763 2393 id
1810 2329 1980 2416 quod
2012 2329 2202 2395 credo
2248 2353 2362 2417 per
2407 2353 2482 2395 ea
2527 2353 2692 2418 quae
2737 2329 3065 2419 hucusque
3109 2355 3219 2419 po·

552 2439 644 2504 tui
689 2443 1005 2524 gustasse,
1052 2435 1271 2517 cred0‚
1317 2436 1493 2520 dicn,
1539 2436 1708 2524 quod
1757 2459 1885 2501 non
1945 2436 2163 2502 redibo
2211 2436 2482 2525 amplius
2547 2460 2663 2524 pro
2734 2461 2923 2503 nunc.
3016 2461 3222 2504 novus

553 2568 723 2632 papa
767 2543 905 2610 vult
948 2566 1119 2609 nova
1173 2544 1386 2608 omnia
1432 2550 1495 2608 et
1552 2565 1790 2608 novum
1850 2550 2003 2630 puto
2061 2546 2365 2609 nuncium
2422 2544 2592 2610 volet
2649 2547 2913 2610 mittere.
3006 2553 3219 2612 tamen
3241 2551 3316 2604 20

553 2659 820 2740 expecto
865 2652 1339 2734 resolutionem,
1396 2653 1463 2716 in
1524 2675 1651 2739 qua
1697 2651 1914 2716 danda
1972 2653 2260 2739 pontifex
2319 2651 2474 2718 solet
2534 2675 2669 2719 esse
2727 2651 2919 2720 valde
2977 2653 3217 2742 longus.

553 2760 664 2826 sed
711 2762 763 2824 si
807 2760 1133 2845 contingat
1177 2758 1346 2845 quod
1399 2781 1525 2823 non
1586 2759 1704 2823 sim
1748 2781 2150 2842 reversurus,
2211 2781 2326 2845 ego
2373 2760 2614 2825 Romae
2660 2763 3000 2825 consistam
3046 2769 3110 2826 et
3153 2764 3218 2826 in

553 2867 936 2954 adjuvandis
1002 2864 1195 2930 rebus
1254 2865 1607 2951 Majestatis
1668 2865 1935 2930 Vestrae
2002 2888 2116 2951 pro
2175 2867 2479 2931 tenuitate
2537 2889 2680 2931 mea
2737 2868 2839 2932 die
2901 2876 3220 2955 noctuque

552 2973 858 3039 laborabo
904 2979 1229 3059 tamquam
1275 2970 1481 3036 bonus
1538 2979 1601 3036 et
1658 2971 1915 3036 humilis
1981 2973 2276 3056 servitor,
2346 2982 2408 3037 et
2476 2974 2555 3039 de
2601 2972 2834 3039 talibus
2894 2973 3221 3041 laboribus

553 3082 709 3145 meis
754 3102 870 3166 ego
915 3080 1215 3165 recipiam
1270 3078 1624 3143 mercedem
1684 3074 1876 3143 etiam
1922 3102 1963 3143 a
2007 3078 2164 3144 Jesu
2212 3079 2491 3164 Christo,
2550 3083 2698 3168 quia
2743 3080 2976 3146 Vestra
3025 3084 3316 3148 Sacram

556 3187 857 3274 Majestas
901 3192 1070 3252 certe
1117 3182 1403 3250 ambulat
1445 3208 1558 3272 per
1602 3187 1740 3251 vias
1784 3186 1982 3272 ipsius
2014 3185 2082 3273 ¹).

284 3468 360 3540 [0-
377 3469 538 3553 ,Fbr-
559 3470 713 3537 125.
822 3470 1118 3553 Veryerio
1164 3491 1255 3534 an
1309 3470 1398 3535 K.
1448 3470 1517 3534 F
1511 3471 1838 3536 erdinand
1846 3493 1868 3536 .·
1937 3473 2204 3554 kandiqt
2270 3474 2444 3538 seins
2511 3474 2678 3539 nahe
2744 3474 3218 3541 bevorstehende

364 3538 507 3611 Μ]
559 3577 895 3643 Roeckkehr
940 3598 1029 3642 an
1040 3599 1061 3655 ,·
1109 3578 1320 3660 brinyt
1366 3578 1468 3641 die
1511 3578 1665 3659 feste
1697 3578 2201 3663 Entscmiffunq
2230 3580 2338 3645 des
2367 3581 2638 3663 Papstes
2683 3582 2757 3645 in
2787 3582 2903 3647 der
2936 3583 3215 3648 eone-251³-

555 3684 741 3749 sache
784 3685 917 3748 mit.
1008 3685 1219 3771 [1535
1264 3705 1310 3749 c.
1359 3684 1656 3749 Februar
1700 3686 1874 3771 ina]
1901 3688 1972 3773 ⁹).

696 3828 819 3882 Aus
865 3827 1118 3897 Υσηεὰίρ,
1156 3828 1305 3882 Bibz.
1344 3828 1526 3882 Marc.
1583 3828 1676 3883 lat.
1726 3829 1796 3884 cl.
1834 3829 1920 3883 IX
1975 3830 2094 3885 cod.
2152 3832 2219 3886 67
2277 3832 2368 3886 fol.
2421 3833 2484 3886 71
2534 3833 2741 3902 eiqenb.
2794 3832 3032 3903 Concept
3080 3827 3315 3888 olmeso

767 3916 998 3971 Datum.

622 4067 819 4073 --—-...—-
832 4067 933 4073 --——
950 4063 1084 4071 -——-——-

701 4164 743 4233 ¹)
784 4166 1119 4221 Ferdinand
1156 4171 1478 4223 antwortete
1514 4184 1605 4222 am
1639 4172 1717 4223 20
1753 4169 2028 4237 Februar,
2065 4169 2247 4224 indam
2284 4186 2343 4226 er
2378 4169 2579 4226 seim-m
2597 4170 2901 4226 Bedauern
2920 4172 3215 4228 Ausdruck

548 4256 658 4324 yab
697 4252 818 4324 dost
859 4256 1116 4326 Veryerio
1150 4256 1306 4311 nicht
1340 4257 1818 4312 zurzlckzukehren
1851 4258 2079 4325 scheme,
2118 4259 2239 4313 und
2285 4276 2378 4313 um
2424 4259 2594 4325 o‘fiere
2642 4260 2929 4326 briesliche
2964 4262 3213 4316 Mitthei-

556 4345 761 4413 lunyen
810 4345 933 4399 und
985 4344 1321 4414 Fo'rderuny
1378 4345 1475 4400 der
1534 4346 1908 4402 Concilssache
1963 4348 2102 4401 beim
2139 4348 2345 4417 Papste
2398 4350 2529 4417 bat,·
2582 4351 2726 4405 auch
2773 4356 2923 4421 moys
2967 4352 3212 4421 Ver-aerio

554 4432 840 4501 bewirken,
878 4430 1000 4502 dass
1035 4451 1142 4490 aus
1176 4434 1370 4500 frfflzer
1399 4435 1749 4505 daryeleyten
1788 4436 2064 4492 Ursachen
2101 4437 2199 4492 der
2232 4438 2410 4506 Papst
2446 4438 2536 4492 die
2563 4438 2826 4508 δαπάνης
2855 4440 2949 4494 des
2975 4441 3211 4496 Rorario
3228 4445 3306 4498 35

553 4522 873 4578 unterzasse.
946 4522 1167 4577 Lettere
1205 4522 1380 4579 latine
1416 4523 1486 4578 de
1514 4525 1771 4593 principi
1807 4526 2100 4581 Austriaci
2134 4527 2262 4593 (aus
2299 4527 2393 4581 lat.
2433 4528 2502 4582 cl.
2541 4527 2628 4581 IX
2666 4528 2784 4583 cod.
2824 4530 2893 4583 66
2928 4548 3010 4583 nr.
3051 4529 3157 4598 53).

699 4610 743 4681 ²)
783 4612 902 4668 Der
939 4611 1116 4678 Briet‘
1159 4610 1344 4678 dtu-fle
1397 4613 1561 4668 lcum
1609 4614 1732 4669 Zeit
1797 4631 1894 4670 vor
1960 4616 2066 4673 den
2131 4615 2239 4670 den
2284 4616 2546 4674 Nuntius
2599 4618 2968 4687 beqkitenden
3004 4617 3208 4675 Breues·

553 4700 694 4767 (ηπ.
734 4704 858 4758 126.
895 4704 1028 4768 127)
1057 4702 1403 4775 yesclm'cben
1437 4704 1573 4759 sein.
