3500 5300
546 309 655 371 Μ
1648 309 1750 365 No.
1791 309 1893 365 1*:
1932 309 2088 366 1636.

356 512 497 564 1536
549 509 815 573 ceamini
862 530 1005 572 cum
1052 506 1194 587 illo,
1251 513 1323 570 ut
1368 504 1821 585 confundatur,
1867 514 1933 569 et
1978 505 2174 570 nolite
2220 506 2400 590 quasi
2448 505 2771 568 inimicum
2816 504 3201 580 existimare,

550 615 663 679 sed
720 615 1013 699 corripite
1070 622 1140 677 ut
1205 612 1496 677 fratrem:
1566 612 1975 698 subsequitur
2032 635 2176 676 cum
2233 611 2527 677 hereticis
2585 633 2714 675 non
2769 610 2894 675 alia
2951 612 3200 674 ratione

551 720 1053 787 conversandum
1111 742 1299 805 quam
1362 728 1435 783 ut
1488 721 1869 808 resipiscant
1931 729 1996 784 et
2049 741 2234 784 suum
2292 726 2639 805 agnoscant
2696 739 3004 796 errorem;
3070 739 3202 802 quo

551 851 701 893 casu
745 827 897 893 licet
940 849 1084 892 cum
1130 829 1222 890 eis
1268 828 1662 892 conservari:
1711 849 1764 891 c.
1811 850 1954 891 cum
2000 828 2478 892 excomunicato
2530 837 2627 892 11.
2673 847 2732 910 q.
2780 834 2819 893 3
2849 827 2913 905 ¹).

654 1001 671 1019 ‚
727 934 900 1011 Quia
943 943 1153 999 tamen
1201 936 1805 998 excomunicationis
1846 955 2130 1014 censura,
2175 955 2297 1020 que
2336 931 2757 998 medicinalis:
2803 932 3076 1018 epistola
3121 929 3204 996 ad
3260 947 3298 1002 5

554 1040 913 1107 Corinthios
948 1051 1005 1108 5.
1033 1044 1099 1122 ²),
1146 1049 1211 1105 et
1254 1037 1337 1106 ad
1380 1040 1741 1106 Timoteum
1794 1053 1849 1107 1.
1877 1042 1960 1122 8);
2009 1050 2112 1107 24.
2157 1063 2216 1126 q.
2249 1049 2287 1108 3
2335 1037 2685 1105 notandum
2711 1041 2779 1122 ⁴),
2825 1048 2892 1103 et
2943 1060 3000 1103 c.
3057 1060 3206 1102 cum

552 1148 944 1215 medicinalis
999 1146 1080 1214 de
1136 1156 1297 1213 sent.
1357 1169 1533 1213 exco.
1588 1147 1751 1213 libro
1801 1158 1858 1216 6.
1885 1149 1933 1228 ⁶)
1990 1170 2180 1234 quam
2237 1146 2630 1234 frequentius
2689 1156 2756 1211 et
2811 1145 3000 1211 facile
3055 1167 3204 1232 pro-

553 1256 898 1341 mulgatur,
964 1277 1003 1319 a
1059 1256 1281 1341 paucis
1346 1253 1727 1325 formidatur
1740 1304 1758 1334 ,
1826 1257 1994 1321 sicut
2050 1265 2117 1320 et
2180 1254 2521 1341 pharmaca
2574 1275 2703 1340 que
2748 1274 2831 1319 ex
2886 1252 3204 1338 frequenti

555 1385 772 1428 eorum
815 1383 936 1427 usu
980 1360 1140 1426 adeo
1184 1361 1341 1426 fiunt
1383 1360 1623 1427 homini
1669 1361 2011 1426 familiaria
2055 1370 2126 1427 ut
2179 1383 2296 1428 suo
2342 1369 2600 1427 careant
2643 1360 2908 1439 effectu,
2965 1362 3208 1446 peritos

554 1472 833 1534 imitatus
880 1467 1177 1548 medicos,
1223 1471 1331 1554 qui
1381 1477 1536 1535 tunc
1581 1470 1663 1533 ab
1708 1468 1811 1534 his
1857 1467 2178 1534 abstinent
2221 1468 2347 1535 alia
2389 1476 2710 1534 tentantes
2755 1466 3054 1545 remedia,
3099 1490 3212 1531 ex·
3231 1483 3305 1537 10

554 1574 802 1663 pediret
846 1575 1090 1641 Sanmm
1133 1574 1479 1640 Dominum
1520 1574 1828 1640 Nostrum
1886 1578 2079 1641 etiam
2134 1597 2304 1640 nova
2344 1577 2800 1641 constitutione
2842 1576 3212 1661 prospicere

556 1684 785 1770 quibus
830 1681 1083 1748 casibus
1130 1689 1195 1747 et
1239 1681 1491 1769 quando
1538 1682 1842 1747 utendum
1899 1682 2069 1747 foret
2113 1684 2400 1747 censuris
2415 1732 2433 1763 ‚
2495 1705 2571 1746 ea
2614 1680 2913 1767 ablegata
2955 1681 3212 1766 longius

560 1788 1019 1856 consuetudine
1063 1812 1190 1876 qua
1248 1789 1401 1854 licet
1458 1812 1537 1853 ex
1584 1791 1812 1876 quavis
1858 1792 2244 1854 contumatia
2287 1791 2649 1876 quempiam
2694 1790 3211 1854 excomunicare:

560 1896 936 1983 deceretque
995 1906 1067 1961 ut
1110 1918 1234 1983 que
1278 1898 1484 1982 prima
1542 1905 1640 1961 est
1696 1897 1762 1959 in
1815 1894 2059 1981 juditiis
2117 1905 2270 1983 post
2324 1899 2705 1962 sententiam
2750 1895 3060 1982 prolatam
3110 1894 3216 1961 vel

559 2003 936 2090 quandoque
983 2004 1124 2068 loco
1167 2005 1513 2082 sententie,
1560 2026 1633 2068 ea
1679 2003 1852 2067 foret
1895 2005 2244 2068 novissima
2290 2011 2355 2068 et
2397 2010 2551 2068 tunc
2597 2001 2852 2067 demum
2899 2024 3044 2067 cum
3087 2002 3217 2066 alia
3235 2020 3306 2072 15

562 2110 860 2176 deessent
903 2110 1197 2175 remedia.
1287 2109 1371 2174 ad
1416 2110 1571 2195 quid
1618 2113 1788 2174 enim
1832 2113 2195 2197 quempiam
2233 2112 2712 2176 excomunicare
2756 2131 3104 2194 aggravare
3153 2117 3218 2173 et

562 2239 978 2303 reaggravare
1026 2239 1098 2280 ac
1145 2216 1402 2282 demum
1446 2215 1774 2281 brachium
1821 2239 2008 2302 quem
2055 2226 2288 2282 vocant
2332 2216 2681 2283 secularem
2739 2215 3080 2281 decernere
3096 2263 3115 2292 ,
3160 2217 3214 2280 si

561 2326 831 2412 primum
890 2333 1105 2410 potest
1159 2324 1387 2410 laycali
1445 2324 1682 2388 auxilio
1736 2323 1821 2388 ad
1864 2324 2214 2410 parendum
2259 2323 2595 2410 compelli?
2687 2322 3216 2408 extendendaque

565 2432 732 2497 foret
788 2441 853 2497 et
924 2430 1288 2518 amplianda
1356 2429 1666 2495 Bonifatii
1724 2429 1926 2496 VIII.
1984 2433 2354 2496 constitutio
2424 2453 2548 2517 que
2604 2433 2858 2518 incipit:
2930 2427 3216 2517 provide,

563 2563 690 2626 qua
735 2537 1000 2626 provide
1045 2537 1366 2604 inhibetur
1407 2537 1743 2603 ordinariis
1789 2561 1871 2602 ne
1916 2561 2034 2624 pro
2079 2540 2446 2625 pecuniario
2491 2537 2713 2603 debito
2756 2539 3080 2624 provintia
3125 2539 3215 2602 ci-
3230 2554 3304 2608 20

565 2650 732 2714 vitas
778 2656 1054 2712 castrum
1097 2644 1251 2712 villa
1307 2655 1418 2711 aut
1472 2645 1650 2711 locus
1697 2648 1909 2732 quivis
1969 2645 2130 2711 alius
2177 2645 2615 2712 ecclesiastico
2661 2644 2977 2711 subiciant
3020 2645 3215 2709 inter-

566 2753 762 2835 dicto,
825 2762 897 2819 ut
955 2752 1199 2819 scilicet
1265 2755 1456 2818 etiam
1530 2774 1659 2818 non
1717 2753 1936 2818 liceret
1992 2755 2354 2839 quempiam
2417 2775 2535 2819 nec
2594 2775 2670 2818 ac
2715 2750 3053 2817 ordinariis
3096 2773 3216 2816 nec

567 2863 648 2927 ab
705 2860 1053 2949 apostolice
1109 2858 1282 2925 sedis
1342 2858 1651 2945 delegatis
1709 2862 2043 2946 minusque
2097 2862 2165 2925 in
2223 2861 2388 2925 alma
2446 2858 2604 2925 urbe
2680 2882 2797 2946 pro
2851 2862 3218 2947 pecuniario

567 2968 783 3035 debito
850 2975 961 3032 aut
1025 2967 1150 3033 alia
1194 2969 1419 3054 quavis
1491 2965 1820 3054 prophana
1864 2989 2059 3032 causa
2114 2968 2621 3047 excomunicare,
2689 2977 2754 3032 et
2812 2988 3216 3032 censurarum

566 3077 711 3142 loco
770 3075 927 3140 alias
998 3096 1327 3159 sui-rogare
1386 3096 1605 3161 penas,
1663 3084 1821 3161 puta
1877 3073 2138 3139 infamia
2197 3074 2614 3139 inhabilitatis
2674 3073 2782 3139 vel
2845 3073 3018 3139 aliud
3063 3071 3217 3159 quid
3233 3090 3303 3145 25

571 3183 793 3249 simile.

749 3289 880 3355 Sed
924 3311 1050 3355 non
1095 3290 1302 3353 minus
1346 3288 1517 3354 foret
1560 3285 2026 3374 providendum
2069 3296 2145 3353 ut
2187 3310 2334 3354 cum
2377 3288 2903 3375 promulgaretur,
2947 3290 3221 3353 severis·

572 3399 730 3463 sime
776 3397 857 3461 ab
905 3395 1195 3461 omnibus
1241 3395 1514 3482 publicis
1561 3395 1808 3460 actibus
1856 3394 2346 3461 excluderentur
2359 3445 2375 3476 ‚
2419 3397 2704 3482 injuncto
2751 3394 3219 3483 apparitoribus

522 3584 531 3593 .
573 3514 647 3569 ut
688 3505 1149 3591 quamprimum
1207 3505 1754 3568 excomunicatum
1812 3504 2281 3589 conspicerent,
2340 3501 2423 3569 ad
2475 3525 2761 3569 carceres
2807 3504 3220 3589 ignominiose

572 3611 925 3691 traherent,
981 3619 1054 3674 ut
1097 3619 1275 3675 tanta
1318 3611 1659 3695 ignominia
1703 3609 1919 3676 affecti
1965 3631 2224 3675 causam
2269 3610 2754 3676 reformidarent
2797 3632 2986 3696 quam
3033 3607 3221 3673 modo
3236 3627 3308 3680 30

573 3721 813 3808 passim
858 3719 1181 3804 negligunt
1237 3727 1302 3782 et
1357 3715 1652 3783 derident
1668 3767 1684 3795 ‚
1752 3726 1943 3803 utque
2001 3726 2302 3803 tanquam
2362 3718 2614 3805 putrida
2672 3717 2955 3782 membra
2999 3739 3038 3781 a
3082 3715 3225 3780 reli-

575 3849 702 3914 quo
762 3848 1027 3913 corpore
1094 3833 1564 3912 separarentur,
1623 3847 1705 3890 ne
1766 3833 1976 3889 cetera
2038 3825 2349 3890 inficiant:
2409 3848 2461 3890 c.
2524 3847 2674 3890 ecce
2723 3834 2826 3891 24.
2872 3846 2932 3910 q.
2978 3834 3017 3891 3
3047 3824 3114 3906 ὅ),
3161 3832 3224 3887 et

576 3943 878 4020 tanquam
938 3935 1078 3998 ovis
1136 3930 1424 3997 morbida
1469 3954 1506 3996 a
1563 3954 1788 4018 grege,
1845 3956 1926 3997 ne
1973 3942 2217 3997 ceteros
2265 3934 2653 3997 contaminet
2701 3936 2827 4011 (24.
2874 3953 2935 4017 q.
2982 3937 3043 4010 3)
3088 3951 3225 3994 cor·

576 4044 889 4129 ripiantm·
899 4090 917 4123 ‚
973 4042 1141 4106 sicut
1197 4041 1387 4105 etiam
1432 4061 1470 4103 a
1525 4041 2017 4124 congregatione
2076 4037 2345 4124 collegio
2391 4048 2499 4103 aut
2544 4041 2808 4103 civitate
2854 4046 3228 4124 separantur

725 4254 764 4323 ¹)
802 4271 845 4309 c.
887 4258 957 4308 18
994 4253 1049 4309 C.
1085 4258 1152 4308 11
1189 4271 1238 4324 q.
1277 4257 1326 4307 3.
3243 4258 3308 4313 35

724 4344 766 4413 ²)
801 4349 833 4398 1
853 4342 974 4400 Gor.
1012 4347 1047 4398 5
1083 4361 1131 4399 v.
1170 4344 1276 4410 θῇ.

723 4433 986 4593 33²5:
990 4434 1164 4580 {2:⁸²2
1198 4434 1337 4593 2²2².
1361 4434 1532 4489 ''²⁰¹'‘

725 4611 766 4681 ⁵)
809 4612 964 4668 Sexti
1000 4613 1090 4668 zib.
1136 4613 1189 4668 V
1217 4613 1300 4667 tit.
1339 4615 1406 4666 11
1442 4628 1485 4668 c.
1526 4616 1574 4667 1.
1881 4642 1896 4659 ·

700 4701 768 4773 ·⁸)
808 4704 958 4757 c.18
999 4701 1165 4758 0124
1201 4718 1249 4772 q.
1290 4706 1340 4756 3.
3245 4701 3310 4758 40
