3500 5300
580 328 690 391 224
1577 330 1678 386 Nc.
1716 331 1815 385 82:
1857 330 1995 385 1534
2030 329 2139 384 Mai
2176 330 2263 385 11.

372 532 511 614 15ᾃ4
583 529 849 612 Ayram.
956 516 1123 596 U'ber
1165 527 1426 610 yewisse
1470 526 1971 605 Dominikaner,
2021 526 2126 592 die
2180 526 2253 590 in
2309 527 2510 591 einem
2570 525 2766 590 ihnen
2822 523 3254 590 untes-stamen

334 604 464 656 Μα*
503 605 567 656 11
584 636 1092 702 Nonnenkloster
1123 635 1243 700 das
1272 633 1692 699 Lutherthum
1736 633 1943 699 haben
1988 633 2328 714 einfilhren
2359 631 2599 698 wollen.
2693 631 3036 696 Bedenken
3064 651 3254 714 yeyen

586 744 691 808 die
750 740 1335 825 Vero'ffentlichuny
1381 742 1551 807 eines
1586 740 1998 822 pc‘ipstlichen
2041 741 2491 823 Motuproprio
2537 740 2738 804 wider
2773 738 3075 805 Cesarini
3119 738 3257 803 und

587 851 698 915 der
744 849 942 914 Bane
987 850 1063 913 in
1114 847 1325 915 Coena
1371 847 1660 914 Domini.
1753 850 1921 912 1534
1968 848 2122 913 Mai
2170 852 2249 912 11
2294 848 2492 930 Pray.

729 994 853 1047 Ans
888 992 1054 1060 Rom,
1111 991 1278 1046 Arch.
1334 992 1455 1046 Vat.
1497 991 1671 1046 Nunz.
1711 991 1768 1045 di
1806 990 1992 1046 Germ.
2024 991 2146 1047 Vol.
2185 992 2255 1045 56
2291 990 2384 1046 fol.
2435 991 2715 1046 157—158
2758 989 2940 1061 Oriy.‚·'
2985 989 3258 1059 yedruckt
3306 987 3338 1039 5

800 1084 1027 1137 hieu-aus
1072 1082 1330 1136 Lammer
1377 1081 1547 1136 Hom.
1593 1082 1770 1136 Vatic.
1821 1098 1952 1150 pay.
2004 1083 2286 1135 160-162
2335 1097 2420 1134 nr.
2467 1083 2573 1134 125
2630 1081 2730 1136 mit
2777 1080 3055 1134 mehreren
3105 1079 3257 1133 sinn-

803 1170 1195 1227 entstellenden
1229 1171 1484 1225 Fehlern.

445 1296 574 1351 Mai
769 1296 851 1360 In
895 1296 1003 1362 dui
1050 1298 1283 1381 giomi,
1340 1295 1459 1360 che
1517 1317 1674 1359 sono
1733 1298 1882 1360 stati
1943 1295 1988 1358 il
2045 1296 2299 1359 settimo
2359 1303 2424 1358 et
2480 1301 2701 1359 ottavo
2762 1292 2826 1357 di
2874 1302 3132 1378 questa),
3177 1292 3260 1357 ho

490 1410 501 1423 .
628 1407 642 1420 .
844 1406 856 1419 .
1162 1406 1175 1418 .
1267 1405 1279 1418 .
1877 1401 1896 1431 ,
2817 1402 2830 1415 .

319 1371 578 1514 Mr3⁷2g
592 1413 861 1470 ncevutl
919 1403 1045 1469 due
1089 1404 1284 1491 phch1
1331 1403 1415 1467 da
1460 1401 1548 1468 V.
1595 1401 1660 1468 S.
1708 1411 1774 1467 et
1833 1426 1875 1466 n
1898 1424 2088 1466 erano
2147 1402 2331 1466 lettre
2389 1399 2470 1465 de
2517 1398 2587 1464 (11
2637 1411 2718 1468 26
2768 1399 2833 1464 (1ι
2879 1422 3123 1480 marm,
3182 1398 3261 1464 de

406 1500 547 1616 apr.
593 1513 663 1577 (11
716 1524 792 1580 11
845 1520 912 1577 et
955 1512 1113 1577 altre
1144 1510 1225 1576 de
1272 1509 1340 1575 (11
1390 1520 1473 1576 20
1505 1508 1804 1596 d'aprile3
1849 1508 2136 1575 haveano
2183 1510 2482 1573 coniunto
2549 1508 2593 1571 il
2638 1507 2834 1574 breve
2878 1518 2944 1572 et
2986 1508 3049 1572 la
3080 1509 3264 1595 copia
3286 1514 3348 1567 10

382 1624 463 1675 11.
499 1622 576 1673 20
594 1629 660 1686 et
702 1620 765 1684 le
810 1620 993 1706 copie
1039 1618 1105 1682 di
1150 1619 1334 1705 primi
1398 1617 1578 1683 brevi
1626 1625 1691 1681 et
1749 1616 1859 1682 dui
1919 1617 2175 1681 extratti
2235 1614 2298 1680 di
2362 1637 2529 1682 nove
2576 1625 2640 1680 et
2684 1616 2728 1680 il
2789 1618 2917 1680 mio
2962 1614 3264 1680 mandato

594 1749 709 1814 per
752 1729 774 1790 i
820 1727 1107 1792 canonici
1168 1724 1235 1789 di
1289 1724 1597 1810 Zagrabia
1629 1727 1689 1806 ¹).
1746 1745 1820 1788 or
1875 1726 1961 1787 mi
2007 1724 2149 1787 misi
2211 1745 2251 1787 a
2305 1725 2603 1807 negociar
2664 1731 2731 1788 et
2788 1723 2871 1787 ho
2931 1724 3264 1807 negociato

360 1834 490 1889 Mai
528 1837 576 1887 9·
595 1843 762 1899 tutto
809 1834 854 1898 il
897 1834 1119 1918 giorno
1166 1854 1333 1897 nono
1381 1830 1629 1896 decimo
1676 1839 1743 1894 et
1801 1839 1980 1917 parte
2018 1829 2082 1894 di
2129 1828 2320 1915 hoggi
2366 1829 2485 1893 che
2532 1832 2594 1895 io
2640 1832 2869 1910 scriVO,
2918 1839 2984 1894 et
3026 1830 3266 1895 havuta

374 1909 459 1960 ω’
498 1908 561 1958 11
594 1941 762 2006 bella
793 1942 1146 2019 occasione,
1192 1938 1526 2026 percioche
1580 1938 1625 2001 il
1677 1960 1745 2002 re
1792 1939 1874 2001 mi
1907 1939 2151 2001 ritenne
2183 1937 2318 2001 heri
2350 1961 2388 2002 a
2420 1936 2672 2002 desinat
2701 1960 2822 2003 con
2854 1937 2985 2030 Sua
3015 1937 3268 2002 Maesta

597 2059 662 2114 et
706 2071 826 2114 con
872 2048 935 2113 la
992 2050 1207 2132 regina
1253 2046 1371 2111 che
1418 2068 1544 2110 non
1593 2048 1657 2110 vi
1700 2067 1808 2111 era
1854 2046 2015 2124 altri,
2062 2055 2128 2109 et
2172 2047 2238 2108 in
2282 2045 2405 2108 fine
2438 2043 2540 2109 del
2589 2044 2857 2130 prandio
2902 2047 2963 2109 io
3013 2067 3093 2108 116
3140 2045 3353 2110 feci15

596 2157 654 2220 le
700 2154 1252 2221 raccomandation
1298 2162 1514 2219 vostre
1569 2176 1607 2217 a
1652 2162 1818 2217 tutta
1867 2151 1991 2217 due
2052 2161 2118 2216 et
2159 2155 2468 2238 promossi
2515 2152 2575 2216 le
2622 2174 2812 2216 cause
2859 2151 2925 2216 di
2969 2153 3267 2218 cavalieri

596 2262 891 2349 Hispani,
949 2262 1066 2326 che
1126 2260 1529 2325 domandono
1587 2260 1647 2325 le
1701 2262 1904 2344 gratie
1950 2258 2033 2324 da
2079 2259 2317 2324 Nostro
2364 2258 2629 2344 Signore
2648 2309 2664 2338 ,
2725 2268 2791 2324 et
2848 2259 2921 2323 fu
2983 2260 3268 2324 amirabil

598 2378 813 2456 tempo
860 2369 978 2434 che
1023 2369 1200 2433 finito
1247 2368 1290 2431 il
1348 2367 1614 2455 prandio
1672 2369 1848 2452 regio
1904 2370 1970 2431 vi
2032 2369 2352 2432 intrarono
2400 2375 2638 2453 apunto
2698 2365 2977 2432 secondo
3036 2390 3270 2432 usanza

599 2477 659 2541 le
706 2475 922 2556 dame,
982 2486 1046 2539 et
1092 2475 1348 2540 v'erano
1402 2476 1463 2540 16
1520 2477 1797 2540 consorti
1856 2474 1921 2538 di
1969 2473 2094 2539 due
2140 2474 2206 2539 dj
2253 2484 2349 2538 tre
2412 2475 2728 2540 cavalieri.
2806 2485 2872 2539 et
2930 2473 2996 2538 di
3044 2485 3272 2559 questa

600 2586 928 2670 ragionaro
974 2606 1011 2649 a
1058 2607 1173 2648 suo
1220 2592 1453 2670 tempO,
1500 2592 1565 2646 et
1609 2605 1735 2648 non
1782 2587 1923 2646 sara
1964 2581 2047 2645 da
2091 2604 2449 2669 sprezzare,
2507 2580 2775 2646 essendo
2835 2583 3272 2667 negociatione
3296 2587 3363 2640 20

601 2692 768 2758 della
813 2694 1029 2777 regina
1056 2694 1121 2773 2).
1196 2690 1384 2756 hebbi
1432 2693 1538 2777 poi
1571 2699 1810 2776 quanto
1853 2698 2070 2776 tempo
2118 2689 2281 2754 ch'io
2326 2690 2480 2755 volli
2526 2713 2564 2754 a
2608 2691 2887 2755 conferit
2929 2712 3051 2755 con
3096 2690 3143 2754 ss
3187 2713 3275 2767 re,

601 2800 827 2888 poiche
895 2802 947 2862 si
1017 2798 1163 2865 levo
1209 2797 1376 2863 dalla
1421 2821 1655 2863 mensa.
1744 2820 1850 2861 ma
1896 2797 2035 2861 diro
2079 2799 2283 2884 prima
2328 2820 2507 2863 come
2562 2800 2625 2862 io
2679 2798 2911 2863 habbia
2971 2798 3275 2885 expedito

602 2908 647 2972 il
718 2910 983 2993 negocio
1051 2906 1116 2971 di
1184 2906 1363 2972 brevi
1434 2906 1601 2991 degli
1649 2906 1916 2970 elettori.
2006 2907 2069 2969 io
2115 2906 2328 2969 sci-issi
2357 2907 2404 2987 ⁸)
2451 2904 2568 2970 che
2613 2908 2762 2970 tutti
2811 2908 2932 2971 essi
2982 2905 3277 2972 doveano

603 3015 867 3080 mandar
911 3016 1050 3079 suoi
1097 3015 1328 3078 oratori
1377 3013 1456 3077 ad
1508 3037 1590 3078 un
1638 3013 1824 3078 luoco
1856 3035 2044 3098 sopra
2090 3012 2135 3075 il
2165 3012 2390 3077 Rheno
2438 3022 2503 3077 et
2548 3012 2685 3092 che,
2732 3012 3032 3079 dovendo
3075 3016 3280 3079 etian-

606 3121 712 3186 dio
760 3123 803 3185 il
851 3144 917 3186 re
963 3120 1306 3186 mandame
1354 3123 1373 3184 i
1420 3122 1578 3199 suoi,
1635 3123 1697 3184 io
1760 3120 2123 3185 deliberava
2182 3118 2246 3183 di
2284 3119 2548 3184 mandat
2604 3143 2690 3184 un
2749 3122 2875 3185 mio
2929 3120 3167 3187 huomo
3214 3124 3365 3186 in25

605 3230 980 3315 compagnia
1039 3228 1156 3292 che
1214 3237 1501 3314 portasse
1545 3226 1608 3291 la
1653 3230 1675 3291 i
1719 3228 1932 3307 brevi,
1989 3228 2032 3291 li
2095 3227 2262 3312 quali
2311 3236 2526 3313 presto
2593 3228 3012 3292 sicuramente
3079 3230 3146 3293 in
3193 3252 3281 3293 un

606 3335 954 3400 medesimo
1000 3344 1216 3420 tempo
1262 3334 1603 3399 haveriano
1650 3334 1889 3401 havuto
1936 3337 2233 3421 ricapit03
2295 3343 2360 3398 et
2403 3334 2645 3399 haverli
2693 3334 2824 3399 dati
2872 3335 2994 3420 agli
3043 3338 3281 3401 oratori

608 3444 761 3527 regii
810 3464 847 3506 a
891 3451 1125 3528 portar,
1171 3463 1296 3506 non
1344 3464 1451 3505 era
1495 3449 1572 3506 ne
1619 3444 1978 3529 reputation
2041 3441 2206 3507 della
2266 3443 2530 3507 materia
2573 3448 2654 3507 ne
2698 3442 3128 3508 satisfattione
3177 3444 3285 3510 del

352 3551 483 3605 Μαί
519 3553 591 3603 10
609 3572 694 3614 re.
785 3548 940 3613 hora
985 3547 1131 3612 dico
1178 3547 1243 3612 di
1290 3548 1633 3613 havernelo
1678 3549 1978 3614 mandato
2024 3551 2132 3614 via
2176 3549 2313 3613 hier
2371 3548 2432 3613 di
2495 3551 2790 3629 mattina,
2850 3558 2915 3614 et
2973 3549 3057 3614 ho
3104 3574 3287 3616 man-

611 3657 762 3722 dato
808 3656 1041 3720 huomo
1086 3655 1394 3720 honorato
1440 3678 1561 3721 con
1608 3656 1715 3721 dui
1765 3656 1993 3723 cavalli
2042 3665 2108 3720 et
2136 3655 2411 3721 discreto
2445 3667 2508 3720 ct
2554 3656 2783 3721 fattolo
2829 3658 3371 3724 raceomandarao

611 3764 735 3849 agli
782 3765 1013 3829 oratori
1060 3761 1164 3827 dal
1220 3787 1320 3843 re,
1379 3773 1444 3828 et
1499 3763 1695 3828 datoli
1751 3763 1874 3827 ben
1936 3763 2018 3828 da
2077 3763 2350 3850 spender
2408 3763 2473 3827 di
2520 3766 2643 3828 mei
2689 3764 2878 3850 pochi
2926 3764 3288 3845 danaruzzi,

612 3894 717 3936 ma
761 3871 1130 3936 volontiera.
1176 3871 1220 3933 il
1267 3870 1451 3934 luoco
1500 3871 1601 3935 del
1634 3881 1954 3936 convento
2001 3877 2035 3935 e
2082 3871 2339 3935 lontano
2372 3871 2452 3936 (16
2483 3873 2591 3956 qui
2639 3871 2762 3936 ben
2809 3882 3101 3937 sessanta
3147 3874 3289 3959 lege

613 3979 999 4064 germanice,
1062 3979 1115 4040 si
1177 3976 1493 4041 domanda
1553 3977 1975 4042 Galhausson.
2069 3977 2133 4062 (l'
2189 3977 2273 4042 ho
2321 3977 2582 4064 depinto
2643 3979 2727 4044 da
2772 4002 2898 4044 una
2942 3977 3291 4060 ceduletta,

616 4084 783 4151 dove
831 4083 961 4149 Sua
1005 4083 1260 4149 Maesta
1304 4083 1599 4149 vedendo
1645 4084 1810 4150 ch'io
1856 4107 2149 4171 pennava
2193 4086 2636 4171 pronunciarlo
2670 4096 2735 4151 et
2779 4086 3022 4152 tenerlo
3067 4110 3110 4151 a
3156 4110 3292 4153 me-

613 4194 844 4271 moria,
903 4194 987 4257 mi
1035 4192 1097 4256 lo
1156 4190 1239 4256 ha
1299 4194 1520 4256 scritto
1581 4192 1647 4257 di
1702 4215 1818 4257 sua
1875 4216 2093 4272 mano,
2154 4192 2424 4258 essendo
2469 4195 2532 4258 io
2578 4195 2641 4257 in
2690 4216 2940 4258 camera
2983 4217 3136 4260 seco
3185 4196 3373 4260 nei35

613 4301 1067 4385 ragionamenti
1115 4298 1180 4363 di
1227 4309 1450 4384 queste
1497 4301 1797 4381 materie.)
1890 4301 2149 4365 intendo
2196 4301 2313 4365 che
2360 4307 2394 4363 e
2439 4301 2709 4387 picciolo
2756 4301 3019 4366 castello
3066 4302 3292 4368 elletto

763 4460 806 4530 ²)
858 4461 975 4517 Von
1011 4461 1198 4516 diesen
1233 4460 1669 4527 Schriststioeken
1705 4461 1806 4516 hat
1839 4462 1956 4518 sich
1990 4462 2171 4516 wichte
2206 4463 2465 4517 erhalten.

762 4550 806 4618 ²)
845 4551 901 4606 S.
939 4570 995 4605 u.
1031 4568 1117 4606 nr.
1156 4555 1244 4605 84.

763 4640 807 4710 ⁸)
858 4640 1020 4697 Wohz
1053 4641 1117 4695 in
1156 4641 1274 4696 dem
1310 4643 1375 4695 in
1410 4659 1495 4695 nr.
1536 4645 1609 4695 81
1649 4642 2117 4711 anyekilndiyten,
2156 4643 2288 4697 aber
2322 4643 2474 4695 nicht
2511 4643 2831 4696 erhaltenen
2869 4643 3075 4709 Briefe.
3154 4633 3296 4699 Uber
3481 4662 3482 4675 ¹

620 4731 709 4786 die
744 4732 1167 4801 Angeleyenheit
1205 4731 1301 4785 cler
1338 4731 1681 4785 Domherren
1717 4748 1823 4785 von
1860 4733 2070 4801 Ayram
2107 4750 2148 4785 8.
2187 4750 2249 4785 w.
2289 4751 2344 4786 u.
3312 4728 3377 4779 40
