3500 5300
592 342 705 409 ⁸0⁴
742 373 747 378 ·
1716 346 1815 405 No,
1855 347 2140 406 1*:1536.

400 549 545 601 1536
776 545 864 611 At
907 548 1059 635 quia
1103 545 1183 612 de
1229 544 1781 611 conservatoribus
1826 553 1891 611 et
1935 544 2238 633 delegatis
2284 553 2378 610 tot
2406 546 2777 611 deferuntur
2805 543 3058 633 querele
3090 543 3274 632 quod

595 653 660 717 bi
707 653 791 718 ad
837 663 1062 718 nutum
1108 661 1172 718 et
1214 675 1331 739 pro
1379 652 1641 717 arbitrio
1687 654 2158 739 impetrantium
2193 652 2598 739 deputantur,
2645 674 2771 739 quo
2816 652 2890 717 fit
2932 659 3004 716 ut
3049 654 3272 739 sepius

585 761 837 846 judices
882 760 1154 847 delegati
1214 770 1285 825 ut
1341 761 1615 846 suspecti
1670 768 2041 825 recusentur
2086 769 2149 825 et
2194 782 2385 847 quam
2429 759 2719 847 pluribus
2763 757 3124 845 apostolicis
3167 781 3272 823 re-

597 869 853 955 scriptis
898 866 1045 931 hinc
1090 866 1240 930 inde
1286 888 1445 952 opus
1490 869 1570 931 sit
1614 875 1954 953 antequam
1987 874 2198 932 certus
2243 874 2557 932 statuatur
2590 865 2816 952 judex,
2863 873 2926 930 et
2969 864 3112 930 lites
3155 876 3272 930 aut

598 972 740 1059 plus
786 974 976 1038 nimio
1023 972 1478 1059 protrahuntur
1536 981 1648 1037 aut
1704 982 1834 1038 tam
1895 995 2164 1060 propere
2211 974 2521 1037 sententia
2564 994 2681 1060 pro
2727 973 3125 1061 impetrantis
3169 997 3269 1038 ar·
3323 984 3353 1035 5

600 1081 787 1144 bitrio
833 1081 1054 1162 fertur,
1100 1079 1270 1166 quod
1318 1101 1455 1143 sero
1502 1081 1909 1166 superveniat
1953 1079 2209 1145 alterius
2242 1079 2480 1166 judicis
2524 1079 2868 1166 deputatio,
2924 1083 3275 1168 expediens

598 1186 759 1252 forte
802 1187 964 1251 foret
1009 1195 1080 1251 ut
1124 1187 1189 1250 in
1236 1185 1499 1271 singulis
1544 1188 1878 1273 provintiis
1922 1209 2037 1273 per
2097 1186 2402 1274 synodale
2449 1185 2786 1252 concilium
2841 1188 3108 1273 singulis
3151 1188 3272 1252 sal·

598 1304 726 1358 tem
799 1293 1200 1380 quinqueniis
1257 1300 1469 1357 certus
1527 1315 1939 1379 personarum
1998 1316 2301 1358 numerus
2359 1291 2746 1380 deligeretur
2804 1296 2914 1381 qui
2982 1294 3276 1360 doctrina

602 1399 918 1485 probitate
963 1407 1027 1464 et
1069 1399 1449 1464 conscientie
1494 1402 1769 1485 puritate
1815 1399 2260 1486 precellerent‚
2326 1422 2365 1464 a
2413 1423 2658 1465 summo
2703 1399 3002 1487 pontifice
3045 1424 3274 1488 appro-

603 1504 836 1588 bandi,
896 1527 1167 1592 quorum
1225 1507 1484 1571 nomina
1536 1508 1603 1570 in
1662 1506 2041 1572 canzellaria
2097 1507 2442 1593 apostolica
2487 1506 3023 1592 describerentur,
3081 1516 3148 1573 et
3191 1532 3272 1572 ex
3297 1521 3357 1573 υ)

604 1610 701 1675 his
759 1611 1099 1677 dumtaxat
1158 1634 1270 1698 per
1328 1612 1727 1699 expeditores
1786 1615 2233 1699 rescriptorum
2294 1612 2598 1678 darentur
2666 1623 3149 1680 conservatores
3216 1623 3276 1679 et

605 1717 893 1804 delegati.
988 1721 1229 1806 eritque
1274 1720 1781 1805 provintialium,
1843 1742 1965 1784 non
2029 1721 2195 1784 sedis
2251 1720 2636 1807 apostolicae
2693 1719 2909 1807 culpa,
2968 1723 3021 1785 si
3067 1723 3278 1786 minus

607 1824 816 1889 idonei
866 1824 1265 1911 deputentur.
1382 1861 1391 1866 -

614 2025 711 2085 13.
804 2019 949 2100 Quo
996 2033 1182 2107 pacto
1230 2021 1488 2087 ecclesie
1533 2021 1760 2109 prelati
1821 2046 1935 2110 per
1992 2023 2206 2088 sedem
2252 2021 2661 2109 apostolicam
2707 2044 2789 2086 ex
2836 2025 3278 2111 episcoporum

613 2127 933 2192 ordinaria
964 2129 1408 2213 jurisdictione
1438 2151 1515 2193 ac
1551 2140 1900 2194 ceterorum
1948 2151 2202 2193 suorum
2237 2131 2640 2194 defensorum
2671 2129 2868 2194 tutela
2897 2132 3277 2196 eximantur.
3299 2143 3362 2197 15

790 2252 1270 2317 ordinariorum
1334 2275 1629 2318 excessus
1691 2277 1947 2319 causam
2009 2254 2238 2319 dedere
2297 2253 2820 2340 exemptionibus.
2908 2254 3066 2319 dum
3112 2258 3280 2319 enim

626 2381 693 2425 se
735 2360 905 2443 ipsos
949 2367 1251 2445 pascunt,
1312 2358 1595 2424 subditos
1640 2370 1943 2445 gravant,
2004 2382 2131 2424 non
2192 2357 2562 2442 admonent,
2623 2382 2747 2424 non
2795 2361 3123 2446 corrigunt
3165 2384 3284 2426 nec

625 2487 738 2552 per
781 2487 996 2530 eorum
1046 2466 1466 2531 visitationem
1512 2467 1682 2553 quod
1727 2467 2047 2531 infirmum
2094 2475 2188 2531 est
2232 2490 2359 2536 non
2391 2465 2838 2545 consolidatur,
2882 2467 3056 2554 quod
3103 2489 3283 2553 egro·

620 2582 753 2637 tum
800 2580 896 2636 est
940 2594 1067 2637 non
1113 2580 1405 2656 sanatur,
1465 2573 1635 2661 quod
1693 2574 1964 2639 fractum
2029 2583 2124 2638 est
2168 2596 2293 2638 non
2340 2572 2667 2660 alligatur,
2729 2572 2901 2661 quod
2962 2572 3283 2662 abjectum

615 2688 710 2745 est
755 2702 880 2744 non
926 2680 1279 2762 reducitur,
1338 2681 1508 2768 quod
1556 2682 1875 2768 perditum
1920 2690 2015 2746 est
2059 2705 2185 2746 non
2241 2683 2612 2769 requiritur:
2681 2690 3006 2747 merentur
3063 2681 3369 2748 audii-effi)

615 2785 786 2873 quod
833 2786 987 2852 dicit
1033 2785 1210 2851 Deus
1255 2787 1503 2852 Ezechi.
1554 2799 1637 2855 34
1671 2788 1752 2877 ¹):
1814 2811 1959 2854 ecce
2018 2811 2137 2875 ego
2183 2790 2319 2876 ipse
2365 2810 2554 2874 super
2599 2798 2915 2873 pastorem
2961 2790 3283 2876 requiram

612 2915 869 2979 gregem
917 2916 1129 2959 meum
1174 2894 1254 2959 de
1299 2917 1493 2959 manu
1551 2917 1801 2979 eorum,
1861 2917 1940 2960 ne
1999 2903 2262 2982 pascant
2321 2895 2592 2981 amplius
2651 2902 2849 2959 semet
2905 2897 3119 2982 ipsos3
3175 2895 3282 2961 sed

614 3021 731 3087 ego
776 3001 910 3087 ipse
954 3002 1269 3088 requiram
1319 3024 1469 3066 oves
1502 3025 1674 3067 meas
1720 3010 1784 3067 et
1815 3002 2089 3067 visitabo
2134 3004 2337 3088 ipsas..
2380 3003 2535 3088 quin
2581 3003 2768 3067 etiam
2799 3002 2854 3065 si
2897 3001 3080 3067 nulla
3123 3003 3282 3067 adsit

614 3129 836 3172 eorum
895 3105 1116 3193 culpa,
1175 3130 1302 3172 non
1366 3116 1462 3173 est
1520 3108 1691 3195 quod
1750 3109 2009 3174 doleant
2067 3108 2349 3174 locorum
2410 3107 2712 3172 ordinarii
2770 3116 2885 3172 aut
2929 3131 3049 3195 pro
3097 3132 3282 3175 onere

614 3220 909 3301 reputent
953 3216 1007 3279 si
1038 3214 1460 3303 multiplicata
1490 3238 1691 3281 messe
1721 3225 1786 3280 et
1829 3214 2042 3303 plures
2075 3217 2349 3303 operarii
2380 3215 2892 3279 transmittantur
2936 3236 2979 3279 a
3007 3215 3366 3297 domino‚25

617 3322 727 3408 qui
772 3343 989 3386 eorum
1032 3321 1246 3387 levent
1289 3320 1605 3407 laborem3
1666 3304 1833 3387 sicut
1890 3324 2124 3409 partito
2184 3323 2508 3409 provincie
2554 3320 3056 3387 administranda
3101 3344 3282 3387 onere

619 3429 934 3515 princeps,
981 3451 1108 3515 quo
1155 3450 1318 3493 unus
1359 3427 1798 3493 destinabatur
1841 3437 2067 3511 rector,
2114 3428 2328 3515 plures
2372 3428 2636 3514 singulis
2666 3427 3036 3494 civitatibus
3081 3432 3283 3493 mittat

619 3541 924 3616 rectores,
983 3557 1111 3599 non
1169 3542 1265 3600 est
1321 3534 1491 3622 quod
1550 3537 1691 3622 quis
1748 3533 1960 3600 doleat
2018 3534 2138 3601 sibi
2195 3537 2304 3600 uni
2363 3538 2723 3601 universam
2768 3558 2895 3599 non
2953 3538 3277 3600 comissam

620 3642 1038 3728 provintiam3
1116 3664 1233 3707 nec
1290 3641 1496 3707 divisa
1563 3642 1798 3708 diocesi
1867 3645 2174 3731 novisque
2242 3643 2465 3707 erectis
2533 3642 3005 3707 cathedralibus
3027 3693 3046 3725 ,
3119 3642 3282 3730 quod

621 3749 935 3814 Joannem
981 3748 1203 3816 XXII.
1269 3747 1349 3814 de
1406 3748 1724 3814 Tolosana
1780 3750 2000 3814 fecisse
2061 3747 2326 3814 eeclesia
2383 3749 2686 3834 legimus,
2747 3758 2808 3814 et
2869 3748 2952 3814 de
2996 3749 3141 3813 aliis
3183 3749 3277 3813 alii
3297 3760 3369 3813 311

621 3854 963 3943 pontifices.
1056 3877 1201 3944 nec„
1232 3878 1378 3921 cum
1440 3878 1604 3920 nove
1663 3856 1995 3941 eriguntur
2053 3855 2531 3942 metropolitane
2590 3854 2689 3919 his
2733 3880 2773 3919 a
2818 3857 3016 3942 priori
3063 3867 3280 3921 metro—

620 3961 901 4049 politano
964 3963 1308 4049 exemptis,
1369 3970 1481 4026 aut
1540 3985 1704 4027 nove
1752 3962 2148 4027 cathedrales
2195 3985 2340 4026 cum
2387 3965 2757 4027 eximuntur
2800 3985 2840 4025 a
2899 3965 3102 4048 priori
3159 3965 3277 4048 epi·

623 4090 835 4156 scopo,
883 4091 1009 4134 non
1056 4077 1152 4133 est
1196 4069 1366 4156 quod
1415 4092 1730 4133 summum
1799 4071 2087 4133 incusent
2143 4069 2535 4154 pontificem,
2598 4071 2649 4132 si
2695 4069 2848 4156 quid
2895 4092 3012 4156 pro
3075 4070 3280 4134 subdi·

622 4184 830 4240 torum
880 4175 1147 4240 comodo
1193 4185 1255 4240 et
1300 4178 1666 4240 necessitate
1728 4174 2141 4261 metropolitis
2186 4184 2296 4241 aut
2342 4177 2652 4262 episcopis
2698 4175 3089 4259 detrahitur,
3147 4198 3280 4241 cum

625 4282 1019 4348 subditorum
1069 4284 1271 4370 major
1318 4282 1611 4347 habenda
1642 4285 1720 4347 sit
1750 4285 1911 4347 ratio
1943 4304 2136 4370 quam
2182 4283 2651 4369 presidentium.
2744 4306 2862 4349 nec
2907 4283 3366 4349 monasteris35

626 4389 876 4477 aliaque
920 4388 1327 4456 ecclesiarum
1391 4389 1655 4476 collegia
1712 4397 2048 4477 propterea
2092 4390 2264 4476 quod
2311 4412 2426 4477 per
2470 4392 2942 4477 exemptionem
2990 4394 3124 4457 suis
3166 4413 3280 4456 non

626 4495 874 4562 subsint
916 4497 1224 4584 episcopis
1237 4547 1255 4580 ,
1313 4494 1600 4584 acephali
1646 4503 1796 4561 sunt
1838 4496 2283 4583 nuncupandi,
2343 4518 2501 4584 quos
2546 4495 2904 4564 Parisiense
2951 4498 3283 4564 detestatur

630 4644 897 4652 αῄ--ῳ

776 4727 818 4801 ¹)
857 4728 1054 4784 Erech.
1092 4732 1163 4783 34
1202 4746 1248 4784 v.
1287 4732 1368 4785 10.
