3500 5300
1372 362 1471 418 No.
1511 363 1611 418 1⁴²:
1648 365 1806 420 1536.
2815 363 2925 425 868

256 567 650 623 servatorum
700 581 931 623 nomen
985 558 1419 644 ignoraverint
1464 582 1582 625 nec
1613 559 1693 625 de
1738 559 1837 624 his
1881 561 1946 624 in
1993 561 2271 648 antiquis
2311 560 2663 627 canonibus
2707 560 2922 649 aliqua
2974 566 3115 615 1536

255 667 490 730 mentio
559 663 897 749 habeatur,
979 664 1088 730 sed
1158 667 1496 731 dumtaxat
1561 668 1627 730 in
1696 690 1748 731 c.
1815 678 1844 733 1
1919 677 1984 732 et
2047 677 2081 736 2
2144 675 2205 733 et
2281 667 2341 732 fi.
2402 668 2483 732 de
2552 668 2653 732 off.
2722 666 2919 754 deleg.

252 771 415 836 libro
466 784 503 840 6
538 777 619 857 ¹),
679 795 801 861 que
859 772 1209 837 Innocentii
1273 773 1385 837 IV.
1449 773 1806 839 Alexandri
1867 773 1978 838 lv.
2028 781 2090 839 et
2153 774 2459 840 Bonifacii
2517 774 2697 839 VIII.
2746 775 2921 840 fuere

254 881 761 945 constitutiones:
809 888 1106 965 putamus
1150 888 1362 945 tamen
1411 888 1927 946 conservatorum
1974 903 2015 944 a
2074 880 2221 946 sede
2268 880 2614 968 apostolica
2659 881 2918 968 deputa·

196 985 486 1053 ationem
530 984 674 1071 plus
720 986 970 1051 comodi
1002 1009 1193 1073 quam
1241 987 1555 1052 incomodi
1587 986 2085 1074 provincialibus
2115 988 2359 1069 afferre,
2405 988 2917 1075 quandoquidem

248 1093 316 1156 in
365 1091 461 1156 his
507 1092 761 1158 casibus
804 1094 873 1156 in
920 1092 1149 1180 quibus
1196 1095 1567 1180 permissum
1616 1101 1710 1160 est
1757 1094 2058 1159 ordinarii
2094 1094 2411 1180 judicium
2443 1093 2761 1159 declinare
2807 1105 2918 1160 aut

248 1221 395 1263 cum
441 1200 753 1286 exemptis
805 1208 900 1265 est
946 1198 1344 1285 litigandum,
1392 1209 1742 1286 presentem
1790 1199 2069 1267 habeant
2101 1200 2404 1288 judicem,
2452 1224 2638 1289 quem
2685 1224 2724 1266 a
2769 1201 2918 1267 sede

245 1304 590 1392 apostolica
653 1306 752 1371 vel
811 1306 1292 1394 metropolitana
1350 1330 1467 1372 sua
1525 1330 1671 1373 cum
1730 1309 2018 1395 impensa
2076 1314 2140 1372 et
2183 1308 2518 1374 incomodo
2579 1309 2918 1394 impetrare

249 1420 648 1498 cogerentur.

157 1537 229 1592 10
427 1518 619 1600 Quod
665 1521 716 1584 si
778 1519 844 1584 hi
902 1519 1021 1585 sibi
1080 1520 1231 1586 data
1278 1521 1720 1607 jurisdictione
1779 1519 2130 1587 abutuntur
2189 1520 2407 1609 laycos
2467 1524 2532 1587 in
2579 1521 2832 1588 casibus
2876 1545 2914 1586 a

236 1627 386 1712 jure
432 1648 557 1691 non
603 1629 925 1714 permissis
969 1629 1033 1693 in
1085 1628 1194 1713 jus
1246 1628 1537 1693 vocando
1551 1679 1569 1711 ,
1617 1628 1682 1693 id
1730 1651 1983 1711 eorum,
2043 1651 2170 1696 non
2225 1629 2392 1694 sedis
2434 1628 2777 1717 apostolice
2822 1639 2916 1694 est

247 1733 467 1820 culpa,
528 1756 652 1821 que
708 1756 815 1799 eos
865 1735 1200 1822 judicandi
1261 1758 1522 1800 munere
1581 1735 1809 1821 dignos
1867 1744 2050 1821 putat
2108 1737 2219 1823 qui
2279 1744 2347 1800 ut
2409 1736 2547 1801 aliis
2607 1737 2914 1823 dignitate

244 1849 567 1926 preessent
618 1841 795 1928 digni
858 1850 1006 1907 sunt
1051 1835 1266 1908 habiti.
1361 1865 1480 1907 nec
1540 1844 1708 1907 enim
1774 1843 2039 1930 quisque
2101 1852 2508 1908 conservator
2551 1843 2911 1931 deputatur,

246 1946 357 2012 sed
403 1949 684 2035 episcopi
730 1947 831 2013 vel
877 1971 1093 2014 eorum
1143 1950 1526 2035 superiores,
1585 1955 1698 2014 aut
1754 1948 2021 2014 abbates
2083 1972 2194 2014 seu
2239 1950 2578 2035 dignitates
2627 1949 2726 2015 vel
2771 1973 2910 2037 per-

152 2072 225 2124 15
246 2062 507 2120 sonatus
574 2056 642 2119 in
709 2054 1183 2121 cathedralibus
1240 2056 1341 2121 vel
1401 2056 1726 2141 eolegiatis
1785 2055 2062 2121 ecclesiis
2131 2054 2515 2139 obtinentes,
2581 2056 2912 2145 nullusque

246 2163 444 2248 possit
503 2164 598 2226 sui
657 2165 1115 2228 conservatoris
1160 2162 1452 2249 deputari
1499 2171 1938 2227 conservator:
1999 2163 2169 2228 dicto
2216 2187 2268 2229 c.
2316 2162 2376 2226 fi.
2425 2163 2502 2228 de
2550 2164 2651 2228 off.
2711 2164 2910 2251 deleg.

244 2266 404 2333 libro
456 2278 493 2334 6
522 2271 610 2356 ²);
666 2278 1274 2356 presentaneumque
1320 2271 1488 2335 adsit
1532 2269 1912 2352 remedium,
1976 2271 2028 2334 si
2073 2277 2348 2355 gravant
2390 2268 2581 2354 alios,
2629 2269 2912 2336 obtinere

232 2375 518 2460 judices:
564 2379 793 2463 poterit
839 2387 1052 2443 tamen
1096 2399 1212 2464 per
1242 2377 1453 2442 sedem
1488 2377 1897 2465 apostolicam
1945 2377 2039 2442 his
2070 2376 2338 2464 querelis
2368 2379 2636 2462 occurri,
2682 2379 2734 2442 si
2765 2401 2909 2443 con·

244 2489 638 2548 servatorum
685 2484 1045 2569 jurisdictio
1092 2484 1174 2548 ad
1220 2486 1571 2571 primevam
1630 2507 1848 2549 eorum
1910 2486 2361 2549 institutionem
2419 2484 2793 2569 reducatur,
2841 2495 2911 2551 ut

146 2611 224 2664 20
244 2588 481 2655 scilicet
526 2592 775 2656 nonnisi
835 2591 918 2657 ad
983 2591 1348 2658 manifestas
1408 2614 1540 2657 sese
1586 2591 1891 2657 extendat
1936 2591 2206 2657 offensas
2248 2591 2784 2679 provideatur-que
2828 2614 2908 2659 ne

242 2697 324 2762 de
370 2707 577 2764 cetero
623 2697 809 2765 liceat
852 2700 1215 2786 impetranti
1262 2708 1774 2765 conservatorem
1822 2698 2114 2785 deligere.

796 2920 887 2979 72.
957 2914 1059 2979 De
1103 2914 1409 3000 delegatis
1452 2922 1516 2980 et
1562 2915 1938 2979 comissariis
1985 2913 2358 3001 apostolicis.

418 3020 520 3085 De
565 3020 869 3107 delegatis
913 3028 976 3085 et
1006 3021 1383 3086 comissariis
1428 3020 1786 3108 apostolicis
1830 3020 1997 3086 idem
2030 3029 2126 3086 est
2158 3020 2495 3108 judicium.
2579 3042 2698 3085 nec
2736 3022 2905 3086 enim

238 3127 488 3194 illorum
539 3129 896 3194 constitutio
943 3129 1124 3215 quasi
1169 3128 1386 3215 iniqua
1432 3137 1543 3193 aut
1600 3126 1921 3214 superflua
1978 3129 2220 3192 censeri
2265 3126 2483 3210 debet,
2549 3128 2657 3214 qui
2703 3136 2768 3192 et
2812 3128 2902 3193 di·

143 3252 220 3307 25
244 3237 389 3300 vino
447 3244 513 3300 et
570 3234 846 3299 humano
895 3236 1074 3322 jure,
1143 3257 1259 3299 nec
1318 3234 1671 3321 pontificiO,
1741 3235 1854 3299 sed
1911 3232 2220 3319 imperiali
2279 3235 2467 3298 etiam
2530 3236 2904 3300 auctoritate

240 3351 389 3408 sunt
418 3343 710 3430 primitus
740 3342 1026 3423 instituti,
1075 3343 1126 3406 si
1173 3341 1445 3428 quidem,
1494 3350 1566 3406 ut
1607 3340 1881 3406 habetur
1911 3341 2123 3405 Exodi
2162 3351 2239 3408 18
2270 3342 2324 3427 ³)
2355 3349 2418 3406 et
2448 3340 2742 3406 Deuter0.
2783 3354 2808 3406 1
2846 3344 2901 3429 ⁴)

239 3449 448 3515 Moses
507 3449 593 3515 ad
650 3448 1137 3534 disceptantium
1201 3448 1669 3514 multitudinem
1730 3454 1794 3512 et
1852 3469 2117 3513 onerum
2180 3447 2616 3513 difficultatem
2678 3471 2903 3514 causas

239 3555 344 3622 vel
403 3554 672 3622 tribunis
728 3555 827 3621 vel
890 3554 1364 3620 centurionibus
1421 3556 1980 3643 quinquagenariis
2038 3563 2151 3623 aut
2210 3555 2468 3620 decanis
2516 3555 2900 3641 judicandas

239 3662 585 3749 delegavit,
647 3673 717 3728 ut
772 3660 862 3729 illi
923 3663 1239 3749 provintia
1293 3663 1473 3728 fieret
1529 3662 1731 3728 levior
1776 3663 1978 3727 diviso
2025 3685 2170 3728 cum
2230 3661 2370 3727 aliis
2414 3684 2619 3727 onere.
2712 3662 2903 3751 idque

138 3773 437 3842 sosecuti
494 3779 643 3836 sunt
698 3771 1118 3837 humanarum
1178 3771 1391 3857 legum
1453 3770 1841 3835 conditores:
1899 3768 1937 3834 l.
1993 3792 2168 3834 more
2228 3770 2538 3856 majorum
2598 3770 2677 3835 de
2733 3771 2902 3857 juris

237 3880 520 3945 omniurn
555 3879 852 3965 judicum
882 3878 970 3967 ι5);
1030 3878 1067 3943 l.
1115 3902 1155 3942 a
1202 3877 1424 3965 judice
1469 3876 1538 3942 C.
1588 3876 1668 3941 de
1702 3876 1964 3963 judiciis
1993 3878 2080 3963 ⁶);
2142 3877 2428 3963 sacrique
2487 3898 2761 3943 canones
2819 3875 2900 3940 de

235 3986 338 4052 off.
385 3985 582 4074 deleg.
629 4008 744 4073 per
788 3993 991 4052 totum
1020 3987 1090 4074 ⁷).

382 4218 427 4291 ¹)
465 4220 621 4275 Sati
658 4219 869 4275 Deerat.
911 4218 944 4273 l.
982 4219 1023 4273 I
1053 4219 1135 4272 tit.
1176 4221 1239 4272 14
1278 4236 1319 4273 e.
1362 4222 1406 4271 1.
1444 4220 1495 4271 2.
1534 4220 1615 4270 15.

379 4307 423 4378 ²)
461 4308 549 4365 Ib.
588 4326 631 4364 c.
667 4313 749 4363 15.

129 4402 213 4460 35
380 4398 422 4465 3)
457 4399 653 4454 2Mos.
690 4402 760 4452 18
793 4415 843 4454 v.
880 4402 967 4453 21.

375 4487 422 4555 ⁴)
461 4489 658 4543 5Mos.
698 4490 728 4540 1
764 4506 810 4542 v.
849 4491 929 4542 15.

376 4574 422 4647 ⁸)
462 4577 536 4632 D.
572 4578 650 4632 II
682 4584 718 4633 t.
759 4582 790 4630 1
827 4577 859 4631 l.
899 4580 949 4630 5.

375 4666 421 4735 ⁶)
462 4668 519 4723 C.
554 4667 669 4721 III
699 4673 737 4720 t.
780 4671 811 4719 1
849 4667 883 4721 l.
921 4669 970 4720 5.

381 4755 422 4830 ²)
461 4756 585 4812 Lib.
624 4759 662 4811 Ι
698 4758 780 4810 tic.
817 4760 891 4810 29
925 4774 981 4810 u.
1017 4754 1171 4810 Sexti
1210 4755 1301 4818 ub,
1340 4753 1381 4807 I
1411 4754 1493 4808 tit.
1532 4756 1613 4811 14.
