3500 5300
1388 357 1486 414 No·
1525 361 1554 415 l
1568 359 1623 413 *ε
1664 358 1816 416 1536.
2822 352 2932 416 898

457 552 555 619 Ut
596 563 808 620 tamen
853 554 952 620 his
998 555 1272 641 querelis
1319 564 1701 635 occurratur,
1747 577 1891 619 cum
1938 556 2128 618 etiam
2181 556 2662 639 ingravescente
2706 553 2925 618 morbo
2981 558 3121 609 1536

284 662 525 727 acriora
568 659 988 727 adhibeantur
1030 661 1311 727 remedia
1325 711 1342 741 ,
1398 684 1478 727 ne
1539 661 1750 727 clerici
1812 683 1888 725 ea
1954 663 2348 747 impunitatis
2417 683 2532 747 spe
2597 662 2925 746 proniores

283 770 412 833 sint
456 766 541 833 ad
583 768 855 847 scelera,
910 778 1132 855 posset
1177 767 1403 834 Sanm-
1448 769 1763 834 Dominus
1806 766 2047 833 Noster
2104 767 2516 854 approbando
2564 770 2926 854 opinionem

282 874 457 940 Petri
504 874 584 940 de
630 874 1013 940 Ancharano
1044 878 1106 956 ¹),
1153 874 1234 940 de
1294 898 1421 962 qua
1476 883 1720 940 certant
1765 873 2056 940 doctores
2116 876 2182 939 in
2239 897 2292 940 c.
2340 882 2408 939 at
2461 876 2517 940 si
2576 874 2789 939 clerici
2844 874 2925 940 de

228 995 262 1049 5
278 980 458 1066 judit.
485 985 559 1065 Ξ),
618 1004 787 1046 nova
830 985 1159 1049 sanctione
1220 980 1560 1048 decernere
1620 1004 1702 1048 ex
1762 981 1904 1046 aliis
1965 984 2158 1046 etiam
2216 980 2519 1066 gravibus
2579 980 2828 1046 delictis
2887 1005 2925 1045 a

279 1091 474 1153 sacris
521 1089 868 1155 canonibus
914 1091 1172 1154 minime
1217 1090 1532 1175 expressis
1579 1086 2022 1174 degradandos
2067 1087 2430 1153 sacerdotes
2463 1096 2527 1153 et
2555 1088 2754 1173 laycis
2792 1111 2925 1154 ma-

279 1196 648 1281 gistratibus
694 1195 1038 1262 tradendos
1055 1245 1072 1277 ,
1130 1198 1377 1262 etiamsi
1422 1195 1815 1280 con-igibiles
1861 1195 2087 1262 forent.
2177 1195 2388 1281 qualia
2431 1204 2597 1274 sunt,
2641 1203 2713 1261 ut
2755 1194 2926 1261 idem

281 1311 606 1369 enumerat
651 1303 1090 1382 AncharanuS,
1137 1306 1246 1389 qui
1290 1304 1530 1389 templa
1573 1302 1701 1368 Dei
1748 1301 2135 1388 effregerunt
2182 1301 2535 1389 spoliarunt
2593 1311 2702 1367 aut
2756 1325 2926 1367 com-

278 1410 637 1489 busserunt,
681 1412 789 1497 qui
837 1409 1199 1475 sacerdotes
1246 1419 1356 1474 aut
1399 1417 1695 1497 parentes
1741 1409 2154 1489 occidissent,
2198 1411 2469 1496 patriam
2527 1408 2926 1496 prodiderint

189 1531 260 1586 10
278 1525 389 1583 aut
432 1520 622 1582 etiam
666 1519 776 1602 qui
820 1519 1067 1602 insigne
1110 1517 1353 1582 furtum
1396 1517 1798 1602 sacrilegium
1836 1525 1946 1581 aut
1992 1519 2183 1581 etiam
2212 1515 2625 1582 homicidium
2669 1539 2798 1581 non
2843 1538 2924 1582 ex

276 1625 619 1704 iracundia,
664 1622 780 1689 sed
824 1624 1244 1711 premeditato
1290 1626 1500 1689 animo
1547 1632 1614 1689 et
1656 1626 1882 1710 previa
1926 1621 2379 1688 deliberatione
2423 1625 2814 1705 comiserint,
2860 1633 2925 1688 et

276 1731 400 1797 alia
443 1731 744 1819 pleraque
789 1739 1033 1796 maturo
1080 1732 1344 1798 consilio
1391 1730 1805 1797 decernenda.

805 1932 906 1993 34.
974 1929 1077 1993 De
1122 1950 1309 1993 onere
1354 1927 1549 1993 banni
1595 1935 1661 1993 et
1705 1928 2393 1994 excommunicationis.

451 2054 915 2118 Auctoritatem
959 2052 1224 2119 ferende
1270 2054 1872 2119 excomunicationis
1917 2051 2179 2118 tradidit
2227 2051 2520 2117 dominus
2552 2052 2710 2117 Mat.
2748 2062 2828 2120 18
2857 2055 2923 2134 ⁸),

182 2173 257 2229 15
275 2158 384 2225 ubi
430 2169 579 2246 post
636 2159 979 2225 fraternam
1039 2159 1560 2238 admonit-ionem,
1634 2162 1689 2225 si
1757 2182 1886 2225 non
1953 2157 2225 2225 audierit
2289 2161 2563 2224 monitus
2581 2208 2598 2238 ,
2663 2159 2925 2225 mandat·

274 2266 630 2333 denuntiari
677 2267 939 2333 ecclesie
954 2292 972 2346 3
1019 2275 1083 2332 et
1128 2269 1181 2332 si
1229 2267 1558 2332 ecclesiam
1604 2289 1731 2332 non
1777 2266 2074 2347 audierit,
2117 2264 2481 2331 habendum
2540 2289 2656 2352 pro
2714 2269 2922 2332 etnico

274 2385 340 2439 et
383 2374 721 2461 publicano
736 2399 754 2455 3
823 2382 889 2439 et
947 2396 1027 2439 ex
1073 2396 1148 2439 eo
1196 2373 1368 2461 quod
1414 2374 1750 2439 subicitur:
1810 2395 2203 2459 quecumque
2262 2373 2673 2459 alligaveritis
2733 2396 2925 2460 super

272 2490 505 2547 terram
550 2490 668 2547 etc.
685 2530 701 2560 ,
754 2480 928 2567 quod
986 2483 1162 2568 prius
1208 2504 1261 2545 c.
1312 2492 1409 2549 16.
1454 2481 1649 2546 Petro
1708 2480 1950 2545 dictum
2008 2480 2222 2545 fuerat
2244 2482 2311 2564 ⁴).
2400 2480 2650 2567 plenius
2709 2491 2922 2547 autem

272 2589 446 2654 illam
491 2587 837 2676 explicavit
880 2587 1116 2655 Paulus
1161 2591 1367 2676 prima
1412 2586 1697 2654 Corinth.
1743 2609 1879 2676 cap.
1919 2599 1948 2654 1
1982 2589 2048 2670 ⁶),
2108 2586 2261 2652 dum
2301 2586 2698 2653 Corinthium
2745 2588 2921 2654 illum

178 2709 255 2765 20
272 2698 384 2783 qui
428 2705 692 2782 paterno
738 2695 975 2762 violato
1033 2695 1218 2761 thoro
1275 2716 1549 2761 noverce
1608 2694 1986 2774 adherebat,
2045 2693 2325 2761 Sathane
2381 2694 2650 2760 tradidit
2702 2698 2769 2760 in
2825 2698 2922 2760 in·

272 2805 529 2869 teritum
574 2804 797 2882 carnis,
841 2812 914 2867 ut
957 2805 1217 2889 spiritus
1263 2804 1396 2888 ejus
1442 2803 1659 2867 salvus
1701 2810 1906 2883 esset3
1954 2810 2020 2867 et
2063 2824 2116 2866 c.
2165 2810 2202 2868 5
2231 2804 2278 2882 ⁶)
2326 2801 2478 2867 dum
2522 2800 2706 2867 dicit:
2763 2805 2817 2868 si
2863 2804 2920 2868 is

272 2912 383 2998 qui
428 2910 627 2976 frater
670 2910 1046 2988 nominatur,
1090 2912 1256 2974 inter
1299 2931 1415 2975 vos
1464 2919 1564 2975 est
1610 2908 1954 2974 fornicator
1999 2916 2065 2974 et
2109 2930 2338 2975 avarus
2385 2917 2497 2974 aut
2540 2908 2727 2975 idolis
2789 2931 2922 2975 ser-

273 3021 455 3083 viens
503 3025 568 3082 et
612 3016 986 3082 maledictus
1032 3024 1143 3081 aut
1187 3016 1474 3082 ebriosus
1530 3026 1640 3081 aut
1682 3037 1915 3104 rapax,
1972 3038 2113 3080 cum
2157 3014 2476 3101 ‘ejusmodi
2534 3039 2653 3081 nec
2710 3016 2920 3082 cibum

272 3146 554 3205 sumere3
601 3134 666 3190 et
712 3134 770 3191 2.
816 3123 898 3189 ad
943 3123 1508 3189 Thesalonicenses
1556 3133 1594 3191 3
1624 3125 1704 3205 ⁷):
1752 3121 1979 3210 quodsi
2026 3124 2167 3208 quis
2197 3145 2326 3189 non
2372 3121 2686 3188 obedierit
2722 3124 2920 3190 verbo

177 3243 253 3298 25
272 3240 490 3295 nostro
533 3253 652 3317 per
696 3231 1060 3318 epistolam,
1116 3231 1283 3296 hunc
1340 3239 1559 3296 notate
1615 3239 1679 3295 et
1734 3252 1868 3296 non
1933 3231 2398 3294 comunicemus
2467 3252 2611 3295 cum
2678 3252 2789 3312 eo;
2856 3240 2923 3297 et

272 3339 474 3422 prima
540 3336 622 3402 ad
689 3336 1095 3402 Thimoteum
1162 3360 1214 3402 c.
1269 3339 1472 3425 primo
1499 3339 1580 3418 ⁸):
1649 3335 1771 3401 hoc
1837 3346 2206 3424 preceptum
2273 3334 2581 3402 comendo
2648 3338 2766 3403 tibi
2832 3337 2920 3402 fili

269 3442 605 3510 Thimotee
661 3444 1011 3510 secundum
1069 3444 1484 3532 precedentes
1543 3445 1607 3508 in
1663 3452 1728 3507 te
1787 3443 2156 3531 prophetias
2172 3493 2189 3523 ,
2246 3452 2319 3508 ut
2370 3444 2606 3509 milites
2667 3446 2732 3509 in
2791 3444 2918 3510 illis

271 3550 504 3616 bonam
545 3552 835 3617 militiam
850 3601 866 3631 ,
922 3551 1163 3618 habens
1208 3550 1400 3617 fldem
1459 3559 1524 3616 et
1568 3550 1799 3616 bonam
1857 3552 2336 3630 conscientiam,
2404 3573 2596 3636 quam
2662 3550 2919 3638 quidem

269 3657 646 3744 repellentes
715 3661 883 3723 circa
947 3658 1140 3724 fldem
1198 3657 1766 3744 naufragaverunt,
1834 3680 1915 3722 ex
1981 3657 2209 3744 quibus
2266 3665 2365 3722 est
2427 3656 2798 3743 Hymeneus
2854 3667 2919 3723 et

176 3778 253 3834 30
270 3763 658 3845 Alexander,
702 3787 862 3851 quos
907 3763 1141 3831 tradidi
1172 3762 1470 3846 Sathane,
1513 3775 1588 3829 ut
1630 3763 1879 3831 discant
1921 3786 2050 3830 non
2079 3764 2477 3831 blasfemare.
2553 3771 2619 3830 et
2649 3765 2919 3851 epistola

268 3870 536 3938 Joannis
581 3870 862 3938 secunda
906 3896 958 3937 c.
1010 3884 1074 3940 1:
1144 3875 1200 3938 si
1254 3874 1398 3958 quis
1459 3874 1637 3938 venit
1693 3871 1776 3937 ad
1846 3894 1961 3939 vos
2023 3881 2087 3937 et
2153 3870 2314 3938 hanc
2373 3869 2726 3938 doctrinam
2789 3893 2917 3937 non

494 4124 693 4181 Petm
729 4124 796 4179 de
830 4123 1186 4192 Ancharano,
1224 4123 1374 4179 einer
1410 4122 1509 4178 der
1545 4122 1894 4180 Glossatoren
1932 4123 2030 4178 dor
2067 4122 2746 4194 Debretaumsammhmq.

489 4214 616 4270 Lib.
654 4214 730 4269 Π
760 4215 844 4270 tit.
885 4218 917 4267 1
955 4230 997 4269 c.
1037 4217 1085 4268 4.

490 4302 596 4359 Ev.
640 4304 819 4360 nath.
857 4307 927 4358 18
960 4320 1007 4358 v.
1036 4304 1170 4369 1517}

490 4393 595 4449 Eu.
633 4393 813 4449 Mam.
854 4396 924 4447 16
958 4411 1004 4448 υ.
1042 4398 1125 4449 10.

542 4480 661 4540 Cor.
699 4485 734 4536 5
769 4499 820 4538 v.
860 4485 1013 4538 1-5,

540 4572 661 4629 Cor.
697 4576 733 4628 5
768 4590 820 4628 v.
856 4577 934 4627 11.

544 4662 783 4719 Thmui.
821 4666 858 4717 3
892 4681 938 4718 v.
975 4665 1058 4719 14.

542 4752 679 4809 Tim.
716 4757 750 4808 1
782 4770 829 4808 v.
867 4755 1095 4809 18—20.

409 4124 455 4552 33⁵3&ss

411 4572 454 4732 „ds-9

487 4487 527 4806 ntor-nn

416 4660 433 4690 7

412 4750 435 4781 ⁸

435 4754 456 4823 ν
