3500 5300
554 355 660 413 :310
1299 353 1396 408 No.
1436 354 1678 436 {7—58:
1720 354 1857 408 1537
1895 351 2200 424 September
2228 351 2473 408 lsi-20.

344 555 500 644 v1535
554 551 723 616 tefici
770 560 834 615 et
879 549 1185 616 cardinali
1230 571 1356 613 non
1403 570 1560 613 sono
1607 547 1687 613 de
1734 549 1945 635 quella
2004 558 2174 613 sorte
2219 548 2340 614 che
2388 570 2547 613 sono
2592 551 2798 613 tenuti
2844 556 2913 613 et
2955 569 3086 612 non
3133 546 3234 612 di-

314 624 430 692 512!—
469 627 870 744 fflspensano
916 656 1206 722 l'entrate
1254 656 1734 722 ecclesiastiche
1780 678 1962 721 come
2009 654 2269 721 dicono:
2318 653 2452 722 Sua
2479 656 2739 720 Maesta
2782 658 2870 722 mi
2915 658 3232 741 promisse

559 765 739 829 volcr
783 764 919 829 fare
950 767 1063 851 piu
1093 762 1200 828 del
1246 762 1563 829 ordinario
1609 771 1848 848 quanto
1879 768 2082 849 potra,
2127 763 2360 850 perche
2406 764 2502 829 sia
2545 761 2870 829 satisfatto
2918 785 2957 827 a
2985 761 3233 827 Nostro

557 871 825 957 Signore
871 880 937 935 et
992 894 1031 935 a
1075 869 1206 935 Sua
1250 868 1545 955 Signoria
1589 870 1739 949 ΒΜ,
1799 879 1865 934 et
1923 875 2062 934 cosl
2121 871 2176 934 si
2235 871 2596 936 sollecitara
2656 878 3236 957 opportunamente

556 980 619 1043 13
687 979 1088 1044 resolutione.
1180 999 1283 1042 ma
1350 975 1663 1064 piacendo
1732 1000 1772 1041 a
1827 976 1960 1042 Dio
2020 976 2140 1042 che
2197 975 2242 1041 l’
2288 975 2512 1042 effetto
2564 977 2813 1042 riescha
2856 975 3143 1043 secondo
3188 978 3239 1041 il
3293 985 3326 1038 5

559 1084 908 1164 desideriO,
977 1086 1595 1150 strettissimamente
1662 1105 1860 1170 prego
1920 1083 2011 1151 V.
2073 1082 2139 1149 S.
2206 1084 2418 1149 faccia
2483 1083 2815 1149 intendere
2883 1107 2922 1148 a
2989 1083 3236 1149 Nostro

560 1192 828 1276 Signore
898 1213 1025 1255 non
1094 1191 1249 1256 lasci
1318 1199 1546 1278 questa
1605 1193 1942 1256 occasione
2004 1189 2429 1277 d'acquistare
2485 1191 2615 1256 bon
2659 1213 2846 1256 nome
2893 1194 2960 1255 in
3006 1203 3237 1278 queste

558 1302 744 1387 parti,
791 1298 1161 1384 deputando
1206 1297 1503 1363 huomeni
1563 1298 1647 1364 da
1705 1297 1869 1363 bene
1928 1307 1996 1363 et
2038 1320 2166 1363 non
2223 1301 2457 1385 rapaci,
2515 1299 2689 1385 quali
2733 1298 3019 1364 habbino
3063 1298 3242 1363 bona

560 1429 713 1471 cura
760 1405 864 1470 del
912 1405 1083 1470 culto
1130 1405 1351 1470 divino
1398 1414 1465 1470 et
1509 1404 1612 1469 del
1658 1404 1967 1470 beneficio
2010 1403 2176 1470 delle
2223 1406 2430 1471 anime
2477 1405 2731 1471 subdite
2763 1415 2831 1470 et
2859 1404 3240 1491 dispensino

560 1514 742 1593 bene,
788 1536 857 1578 se
904 1534 1030 1577 non
1077 1514 1142 1576 in
1188 1520 1374 1592 tutto,
1420 1512 1669 1577 almeno
1713 1512 1778 1576 la
1820 1513 2107 1597 maggior
2149 1522 2332 1599 parte
2378 1512 2446 1577 di
2491 1511 2684 1600 quelli
2730 1512 2932 1577 frutti.
3002 1522 3069 1577 et
3106 1511 3242 1577 Sua
3262 1521 3331 1573 lo

562 1621 813 1686 Santita
858 1622 913 1684 si
973 1618 1289 1706 persuada
1333 1617 1449 1683 che
1509 1640 1788 1684 nessuna
1846 1620 2056 1683 utiljta
2113 1625 2300 1706 poti-a
2345 1642 2520 1685 esser
2562 1622 2847 1705 maggior
2892 1619 2959 1684 di
3007 1629 3242 1706 questa

560 1734 637 1792 ne
699 1743 960 1813 apresso
1023 1725 1155 1791 Dio
1215 1732 1294 1790 ne
1352 1748 1616 1812 apresso
1673 1727 1720 1791 il
1775 1724 2030 1791 mondo.
2121 1738 2189 1791 et
2233 1729 2324 1806 10,
2381 1728 2530 1813 qual
2587 1751 2716 1792 non
2775 1749 2994 1806 cess0,
3054 1749 3240 1792 come

562 1834 803 1915 debbo,
860 1833 1189 1920 predicare
1237 1833 1297 1897 le
1356 1835 1527 1897 virtu
1586 1832 1652 1897 di
1699 1831 1832 1897 Sua
1876 1832 2286 1898 Beatitudine
2348 1845 2415 1899 et
2471 1835 2518 1897 il
2571 1835 2865 1919 religioso
2912 1835 3127 1899 animo
3175 1836 3242 1898 in

564 1943 709 2025 ogni
755 1949 954 2027 parte,
999 1963 1124 2003 non
1171 1945 1395 2027 patero
1441 1940 1750 2025 bugiardo
1784 1949 1850 2003 et
1893 1938 2232 2005 haveremo
2277 1943 2563 2026 maggior
2606 1940 2756 2006 fede
2801 1942 2906 2006 nel
2950 1951 3128 2006 resto
3175 1953 3244 2007 et

565 2050 825 2112 insieme
894 2049 946 2110 si
1018 2046 1331 2111 sodisfara
1398 2047 1459 2110 al
1527 2046 1745 2111 debito
1793 2069 1981 2112 verso
2039 2058 2256 2112 nostro
2303 2050 2553 2132 signore
2598 2047 2761 2113 Dio!
2817 2058 2884 2113 et
2927 2047 3022 2116 V.
3068 2048 3137 2115 S.
3184 2052 3241 2114 si
3266 2053 3332 2108 15

567 2154 841 2239 degnera
885 2176 1002 2240 per
1047 2176 1162 2219 sua
1191 2153 1387 2218 bonta
1434 2153 1776 2240 exponerlo
1822 2154 2125 2219 talmente
2166 2154 2284 2220 che
2331 2154 2462 2220 Sua
2493 2155 2742 2220 Santita
2786 2177 2866 2220 ne
2914 2156 3244 2241 divengha

565 2261 728 2326 bene
774 2283 1010 2347 capace
1058 2271 1122 2325 et
1168 2262 1506 2346 impressa,
1564 2260 1797 2347 perche
1858 2284 1987 2326 non
2032 2263 2087 2327 si
2131 2260 2441 2348 potrebbe
2489 2264 2839 2349 exprimere
2887 2262 2951 2327 di
2999 2275 3246 2350 quanta

574 2370 981 2454 importantia
1030 2369 1094 2431 in
1142 2370 1287 2452 ogni
1334 2389 1495 2455 capo
1542 2370 1708 2432 saria
1751 2391 1840 2432 un
1885 2369 1974 2433 tal
2021 2368 2257 2434 effettO.
2346 2376 2424 2433 ne
2467 2391 2584 2455 per
2626 2378 2853 2455 questo
2889 2368 2981 2437 V.
3027 2369 3096 2435 S.
3143 2393 3249 2435 me

567 2477 774 2562 reputi
822 2474 1047 2539 d’altra
1091 2484 1261 2539 sorte
1310 2475 1375 2539 di
1407 2475 1554 2559 quel
1603 2475 1720 2540 che
1752 2478 1815 2540 io
1861 2498 2039 2557 son0,
2083 2478 2222 2541 cioe
2268 2486 2497 2562 troppo
2544 2479 2894 2556 temerario,
2938 2477 3244 2543 havendo

568 2582 775 2649 ardire
823 2582 974 2648 dare
1020 2582 1146 2646 tale
1192 2581 1496 2648 raccordo
1543 2605 1581 2646 a
1626 2580 1758 2648 Sua
1804 2580 2054 2649 Santita
2068 2608 2086 2664 3
2130 2606 2236 2649 ma
2283 2584 2474 2650 creda
2519 2595 2692 2650 certo
2738 2583 2902 2650 che'l
2947 2584 3087 2650 zelo
3137 2586 3244 2651 del
3262 2590 3337 2643 20

568 2691 769 2756 honor
813 2690 878 2754 di
925 2690 1136 2775 quella
1182 2701 1365 2754 santa
1422 2690 1576 2755 sede
1636 2700 1701 2755 et
1757 2691 1821 2755 la
1875 2691 2040 2755 mala
2088 2702 2152 2755 et
2197 2693 2264 2756 in
2309 2692 2532 2757 alcune
2578 2714 2728 2757 cose
2773 2715 2928 2758 vera
2973 2696 3245 2779 impres-

570 2801 745 2863 sione
792 2797 911 2862 che
957 2797 1178 2883 populi
1236 2797 1446 2861 hanno
1507 2798 1657 2862 delli
1713 2799 1856 2884 capi
1916 2798 2331 2865 ecclesiastici
2393 2808 2458 2864 et
2515 2801 2786 2863 maxime
2849 2800 3020 2865 della
3064 2812 3243 2865 corte

569 2905 631 2969 di
680 2904 906 2983 Roma,
952 2926 1109 2968 sono
1156 2906 1420 2989 cagione
1467 2903 1585 2969 che
1632 2904 1862 2970 alcuna
1892 2905 2070 2970 volta
2116 2905 2358 2970 excedo
2405 2907 2449 2971 h·
2497 2908 2764 2987 termini,
2811 2906 3241 2973 desiderando

568 3034 637 3075 se
684 3012 860 3076 fosse
918 3009 1224 3096 possibile
1285 3010 1450 3077 ch'in
1512 3019 1679 3076 tutto
1739 3012 1952 3099 quella
2008 3020 2190 3077 santa
2250 3013 2403 3078 sede
2447 3036 2856 3100 recuperasse
2903 3017 2969 3078 in
3016 3025 3244 3101 queste

568 3120 732 3205 parti
777 3117 1219 3183 l’estimatione
1265 3141 1382 3183 sua
1427 3126 1607 3183 tanto
1652 3119 1788 3183 lesa
1831 3128 2069 3206 quanto
2110 3127 2144 3185 6
2175 3122 2438 3185 notorio.
2516 3130 2581 3185 et
2607 3124 2654 3203 ⁸)
2700 3144 2827 3186 non
2873 3125 3082 3208 potrei
3130 3125 3333 3187 ex-flb

569 3229 839 3313 primere
886 3234 1123 3311 quanto
1182 3227 1278 3289 sia
1337 3234 1504 3290 stata
1562 3226 1624 3291 al
1685 3228 2013 3312 proposito
2071 3235 2299 3312 questa
2352 3228 2815 3293 destributione
2860 3228 3026 3293 satta
3071 3230 3244 3295 delle

569 3335 859 3420 pensioni
908 3356 945 3397 a
992 3335 1201 3417 questi
1248 3332 1429 3412 dotti,
1476 3341 1540 3396 et
1585 3330 1717 3397 Sua
1762 3333 2014 3398 Maesta
2057 3333 2184 3399 l'ha
2229 3335 2425 3399 molto
2457 3335 2900 3401 commendata
2944 3338 3246 3422 soggion-

569 3440 867 3526 gcndomi
930 3439 1048 3504 che
1109 3461 1177 3503 se
1238 3439 1345 3502 alli
1402 3442 1598 3525 tempi
1657 3442 1900 3526 passati
1960 3443 2014 3505 si
2064 3441 2309 3506 fossero
2355 3442 2592 3507 havute
2639 3443 2827 3507 simili
2874 3443 3246 3509 considera—

570 3549 748 3625 tioni,
793 3547 853 3611 al
884 3554 1176 3633 presente
1208 3568 1331 3610 non
1365 3546 1631 3610 sarebbe
1662 3556 1841 3612 tanto
1885 3546 2094 3627 fu0c0‚
2125 3584 2211 3595 —
2244 3556 2310 3614 et
2337 3549 2532 3614 molte
2563 3550 2722 3615 altre
2767 3549 3075 3616 honorate
3127 3575 3246 3639 pa-

571 3655 702 3719 role
718 3702 735 3733 ,
802 3654 971 3738 quali
1042 3676 1155 3739 per
1222 3652 1468 3718 brevita
1526 3656 1768 3718 omitto.
1860 3662 1924 3718 et
1981 3678 2105 3720 con
2162 3665 2386 3743 questo
2448 3655 2720 3722 iacendo
2779 3658 2901 3722 fine
2961 3661 3026 3722 in
3073 3658 3338 3724 bona-²¹0

571 3762 777 3847 gratia
820 3766 929 3825 etc.

333 3867 449 3936 Spt.
487 3870 557 3922 19
752 3865 858 3932 Da
902 3866 1164 3933 Vienna
1208 3890 1247 3932 a
1293 3867 1362 3932 dl
1413 3878 1494 3936 19
1544 3868 1624 3933 de
1672 3869 2013 3935 settembre
2065 3878 2252 3939 1537.

326 4135 445 4205 Spt.
479 4136 560 4190 20
577 4135 693 4203 58.
787 4134 1109 4200 Ricalcati
1164 4156 1255 4200 an
1298 4136 1601 4201 Morone:
1661 4137 2024 4217 Eintreffen.
2079 4158 2200 4203 von
2260 4137 2536 4221 Briefen
2592 4138 2912 4205 Morone's
2968 4161 3109 4207 vom
3155 4146 3246 4208 20

575 4242 717 4307 und
757 4244 841 4307 25
888 4242 1159 4324 Auyust.
1251 4241 1580 4326 Abscth
1637 4244 1750 4308 der
1813 4243 2203 4328 Tiirloenliya
2269 4246 2378 4311 des
2435 4245 2705 4329 Papstes
2770 4247 2888 4312 mit
2959 4247 3247 4333 deiy

575 4353 764 4415 unter
814 4348 1268 4431 Offenhaltuny
1313 4349 1422 4415 des
1465 4349 1771 4416 Beitritts
1827 4352 1940 4434 fiir
1998 4353 2236 4419 andere
2280 4352 2578 4420 Farsten.
2671 4353 2986 4421 Sol-lecha
3032 4356 3248 4422 Inan-
3265 4367 3340 4424 35

720 4548 766 4594 a)
797 4545 898 4585 Zoem
925 4544 1153 4594 Folqenden
1182 4544 1483 4587 flauam-mark
1511 4546 1732 4589 Ahmadan
1771 4547 1862 4588 Ηοο
1899 4547 1988 4589 ruit
2014 4547 2239 4589 inventum
2277 4549 2417 4591 solius
2447 4548 2729 4598 Brundusi-i.
2768 4550 3051 4603 adimpletum
3085 4553 3250 4604 pontu

577 4615 811 4668 prudentia
856 4617 902 4656 et
941 4615 1139 4656 bonitate
1176 4614 1305 4656 Pauli
1343 4616 1567 4667 pontificis
1608 4619 1656 4657 et
1689 4618 1961 4660 liberalitate
2006 4618 2101 4660 Bmi
2138 4620 2379 4661 cardinalis
2421 4620 2643 4669 Fal-nesii,
2690 4620 2766 4671 qui
2817 4622 2863 4664 in
2901 4622 2988 4663 ue
3030 4624 3157 4674 puto
3197 4636 3248 4665 se

580 4685 950 4737 promptissimum
991 4687 1038 4727 et
1072 4687 1476 4728 constantissimum
1518 4687 1745 4736 exhibuit.
1794 4688 1908 4731 undo
1947 4701 2148 4742 monam
2187 4689 2358 4732 laudem
2401 4691 2578 4759 ita-tota
2607 4692 2841 4734 Gom-nin
2875 4694 3163 4744 repon-bunt
3189 4695 3245 4736 ad

579 4759 776 4807 posteros
806 4767 943 4806 usquo
972 4756 1371 4799 transmutandum.
