3500 5300
1330 336 1430 392 Nc.
1469 336 1569 391 1¹⁸:
1608 337 1763 392 1536.
2773 334 2881 395 413

217 533 345 595 sari
376 539 592 617 potest
622 530 703 595 de
735 531 962 596 eodem
1007 535 1071 596 in
1115 535 1540 597 contentioso:
1590 556 1642 597 c.
1673 534 1731 597 fi.
1765 532 1844 596 de
1893 556 2106 619 purga.
2141 556 2300 597 cano
2336 537 2375 616 ¹)
2393 558 2410 613 ;
2458 557 2512 597 c.
2544 533 2881 597 admonere
2936 534 3073 585 1536

218 645 304 705 33
352 660 411 722 q.
461 647 497 704 2
528 639 605 718 ²),
666 640 814 723 quia
873 641 939 701 in
994 639 1136 703 foro
1197 641 1405 704 anime
1451 642 1801 726 imponitur
1857 643 2236 725 penitentia,
2296 649 2368 703 ut
2411 639 2555 704 Deo
2616 640 2882 704 satisfiat

216 766 408 828 quem
450 744 615 824 lesit,
660 748 728 809 in
774 748 1172 810 contentioso
1219 755 1289 809 ut
1337 747 1603 810 satisfiat.
1646 749 1739 811 rei
1789 746 2045 832 publice
2091 770 2278 832 quam
2318 746 2600 824 violavit,
2645 748 2884 832 pariter

215 860 369 937 post
427 860 746 936 peractam
804 853 1219 936 penitentiam
1279 875 1402 937 que
1467 855 1534 917 in
1593 853 1998 917 confessione
2060 856 2338 918 criminis
2401 856 2464 916 in
2526 875 2742 917 aurem
2789 855 2884 916 in-

156 941 515 1042 5‘jungitur‚
561 981 701 1021 cum
749 960 1011 1022 crimina
1058 960 1340 1023 enormia
1386 968 1532 1023 sunt
1581 969 1647 1024 et
1690 961 1940 1024 notoria
1986 960 2258 1046 publica,
2310 962 2658 1046 imponitur
2701 961 2882 1045 peni-

216 1067 444 1144 tentia,
502 1071 575 1127 ut
620 1087 695 1128 eo
754 1063 1067 1129 dedecore
1127 1065 1299 1150 quod
1345 1065 1618 1129 infert-ur
1664 1074 1727 1129 et
1782 1069 1920 1152 ipse
1970 1074 2033 1130 et
2078 1066 2183 1130 alii
2231 1065 2670 1130 detererentur
2714 1089 2751 1129 a
2798 1068 2883 1129 si-

217 1171 474 1236 milibus
519 1171 980 1257 perpetrandis.
1057 1195 1180 1256 que
1229 1172 1485 1258 publica
1513 1174 1864 1258 penitentia
1923 1171 2156 1237 nedum
2202 1195 2318 1258 pro
2359 1194 2548 1236 onere
2589 1171 2884 1237 habenda

220 1287 287 1341 et
331 1276 711 1362 abroganda,
759 1278 875 1343 sed
922 1281 1136 1364 potius
1182 1278 1351 1343 foret
1396 1277 1806 1356 restituenda,
1853 1302 1996 1344 cum
2029 1301 2193 1366 pene
2240 1279 2446 1344 aulam
2480 1280 2707 1344 exierit
2720 1286 2765 1363 ⁸)
2818 1289 2884 1344 et

218 1406 409 1469 quam
453 1387 774 1450 rarissime
822 1387 1198 1471 imponatur.

126 1573 198 1625 10
223 1565 320 1627 75.
389 1564 540 1640 Quo
586 1564 777 1629 modo
824 1565 1076 1629 funeste
1111 1568 1377 1650 pecunie
1425 1567 1657 1629 intuitu
1705 1566 2123 1631 ecclesiastici
2171 1567 2419 1652 judices
2469 1575 2531 1630 et
2580 1566 2880 1630 offitiales

748 1671 1123 1755 illigittimas
1171 1671 1612 1737 cohabitiones
1660 1681 1725 1736 et
1771 1694 1993 1736 usuras
2041 1672 2355 1738 tollerent.

400 1793 821 1860 Sacerdotum
867 1794 1158 1860 defectus
1207 1794 1451 1859 celandi
1500 1804 1565 1860 et
1609 1795 1942 1861 tollerandi
1991 1799 2204 1882 potius
2251 1805 2402 1861 sunt
2432 1820 2622 1883 quam
2653 1819 2885 1882 propa-

220 1900 413 1980 landi,
460 1923 537 1965 ne
586 1901 845 1966 infamia
893 1901 1259 1987 detegatur,
1319 1902 1612 1988 exemplo
1658 1902 1879 1986 Magni
1928 1901 2366 1983 Constantini,
2423 1925 2611 1989 quem
2669 1903 2884 1967 ferunt

220 2006 493 2073 dixisse:
542 2031 692 2073 vere
755 2011 807 2072 si
870 2012 1143 2095 propriis
1202 2009 1400 2073 oculis
1462 2008 1770 2073 vidissem
1827 2009 2222 2074 sacerdotem
2259 2008 2389 2074 Dei
2447 2018 2557 2074 aut
2611 2010 2884 2094 aliquem

127 2122 200 2176 15
224 2137 440 2179 corum
500 2118 607 2201 qui
671 2116 978 2180 monacali
1054 2116 1275 2180 habitu
1344 2118 1796 2180 circumamicti
1856 2126 2034 2197 sunt,
2093 2126 2494 2203 peccantem,
2553 2116 2883 2180 clamidem

220 2244 428 2286 meam
476 2223 861 2309 expoliarem
910 2232 970 2286 et
1014 2226 1405 2309 cooperirem
1438 2246 1601 2301 eum,
1649 2246 1727 2286 ne
1762 2223 1842 2286 ab
1875 2223 2087 2308 aliquo
2132 2223 2472 2302 videretur,
2518 2234 2587 2287 ut
2617 2223 2887 2288 habetur

222 2331 286 2392 in
348 2352 399 2393 e.
446 2331 509 2393 in
559 2332 889 2415 scripturis
940 2338 1022 2396 96
1070 2329 1221 2394 dict.
1250 2331 1326 2410 ³);
1388 2341 1449 2394 et
1497 2330 1616 2394 hac
1662 2329 1829 2394 forte
1875 2332 2138 2409 ratione,
2196 2353 2340 2394 cum
2396 2332 2522 2416 jam
2582 2329 2885 2394 delictum

223 2437 292 2499 in
338 2435 659 2521 publicam
706 2439 1009 2500 noticiam
1069 2460 1195 2501 non
1242 2437 1500 2515 exierit,
1561 2437 1846 2501 locorum
1905 2436 2206 2501 ordinarii
2267 2439 2490 2501 minori
2551 2458 2716 2522 pena
2775 2459 2886 2522 pe-

223 2545 505 2607 cuniaria
551 2547 829 2607 contenti
878 2567 915 2607 a
947 2543 1293 2629 majoribus
1326 2544 1663 2622 abstinent,
1710 2567 1852 2607 cum
1894 2543 2272 2629 expectandi
2305 2552 2496 2630 atque
2528 2542 2883 2627 corrigendi

129 2653 424 2734 minag-is
472 2660 621 2714 sunt
653 2659 930 2715 rectores
978 2651 1246 2715 ecclesie
1278 2674 1465 2736 quam
1509 2653 1723 2715 statim
1753 2650 2107 2736 judicandi:
2157 2674 2209 2715 c.
2233 2651 2381 2716 licet
2408 2660 2510 2718 45.
2535 2650 2680 2715 dist.
2708 2653 2754 2731 ⁴)
2782 2691 2885 2730 —,

223 2758 373 2842 quia
417 2760 632 2841 gravis
681 2780 853 2821 error
899 2765 997 2822 est
1058 2757 1354 2821 clericum
1412 2759 1626 2821 statim
1689 2766 1838 2843 post
1896 2757 2197 2822 delictum
2253 2760 2496 2843 puniri:
2558 2781 2610 2821 c.
2668 2780 2884 2821 rursus

230 2875 331 2929 11.
389 2888 449 2948 q.
514 2874 550 2931 3
582 2866 661 2945 ⁵),
725 2864 1048 2929 subsecuti
1119 2867 1311 2929 etiam
1368 2863 1538 2950 quod
1612 2852 1770 2929 dicit
1829 2865 2231 2949 August-inus
2303 2865 2389 2929 ad
2448 2863 2885 2940 Vincentium,

225 2969 400 3055 quod
446 2970 718 3034 habetur
761 2973 826 3034 in
872 2994 924 3034 e.
971 2974 1351 3056 quicumque
1401 2980 1482 3037 28
1531 2995 1589 3057 q.
1639 2983 1673 3038 7
1706 2973 1772 3053 Β),
1817 2970 1968 3035 dum
2016 2971 2204 3036 dicit:
2254 2971 2589 3041 nonnullos
2629 2969 2886 3035 tollera-

223 3099 366 3140 mus
425 3100 585 3161 quos
648 3080 961 3162 corrigere
1024 3077 1126 3141 vel
1180 3080 1406 3163 punire
1453 3100 1579 3141 non
1623 3099 1992 3163 possmnus,
2054 3100 2258 3162 neque
2317 3088 2581 3164 propter
2637 3077 2884 3163 paleam

132 3183 639 3267 25relinquimus
733 3206 941 3247 arcam
1038 3183 1275 3248 domini
1300 3234 1317 3264 ‚
1408 3207 1612 3269 neque
1700 3194 1963 3271 propter
2060 3186 2272 3271 pisces
2360 3185 2560 3249 malos
2651 3187 2887 3270 rumpi-

226 3313 365 3353 mus
441 3292 601 3355 retia
675 3289 911 3355 domini
1018 3312 1221 3375 neque
1299 3300 1558 3378 propter
1638 3290 1837 3355 hedos
1919 3294 1985 3355 in
2063 3291 2188 3356 fine
2273 3290 2698 3375 segregandos
2776 3290 2887 3355 de-

226 3398 495 3460 serimus
566 3419 824 3482 gregem
896 3396 1137 3462 domini
1211 3420 1418 3483 neque
1488 3408 1749 3485 propter
1826 3421 1981 3463 vasa
2047 3397 2222 3464 facta
2289 3399 2355 3462 in
2437 3398 2884 3463 contumeliam

226 3505 570 3588 migramus
618 3503 699 3569 de
746 3503 936 3568 domo
982 3503 1240 3569 domini.
1332 3504 1436 3569 vel
1484 3506 1675 3568 etiam
1722 3507 1872 3590 quia
1917 3504 2298 3590 quandoque
2359 3503 2694 3568 tollerandi
2739 3513 2889 3568 sunt

228 3609 375 3673 mali
424 3633 540 3695 pro
585 3632 777 3696 pace:
826 3632 880 3675 c.
927 3610 1267 3675 tollerandi
1315 3620 1416 3678 23.
1462 3633 1521 3695 q.
1568 3621 1609 3676 4
1638 3613 1702 3691 ⁷),
1749 3620 1816 3675 et
1860 3633 1913 3676 c.
1946 3612 2234 3695 quisquis
2263 3614 2330 3693 ⁸),
2375 3608 2781 3674 ubidicitur:
2829 3612 2885 3674 is

136 3730 211 3785 30
228 3716 532 3803 pacificus
592 3716 829 3782 dicitur
886 3720 997 3803 qui
1050 3718 1250 3782 malos
1324 3739 1483 3802 quos
1555 3717 1734 3781 salvo
1790 3718 1968 3803 pacis
2030 3717 2286 3781 vinculo
2347 3715 2685 3782 excludere
2757 3737 2887 3780 non

370 3914 415 3964 a)
441 3912 542 3954 Boni.
573 3914 596 3953 1
622 3914 698 3955 hai
722 3913 800 3955 dm
816 3912 1011 3965 solvende
1047 3913 1161 3963 quod
1191 3924 1289 3955 vero
1328 3912 1411 3954 lino
1438 3911 1667 3955 occasione
1704 3912 1822 3954 male
1858 3911 2048 3954 officiosi
2075 3911 2291 3954 officiales
2327 3911 2558 3964 pecuniam
2586 3912 2885 3962 extorqueant.

231 3984 277 4026 id
308 3983 514 4027 malorum
541 3985 614 4027 est.
641 3983 812 4033 vitium,
843 3994 926 4026 non
955 3984 1145 4025 omnium
1174 3984 1221 4026 et.
1247 3983 1293 4027 in
1321 3983 1394 4025 Ιιίο
1423 3995 1537 4026 error
1564 3982 1863 4034 corrigendae.

378 4090 419 4158 ¹)
454 4092 580 4146 Lib.
625 4092 678 4146 V
708 4093 794 4146 tit.
833 4095 902 4145 34
941 4110 985 4147 c.
1028 4095 1112 4146 16.

374 4176 416 4245 ’)
456 4195 499 4234 c.
539 4182 578 4232 s
615 4178 672 4234 0.
712 4184 784 4234 33
819 4197 866 4249 q.
904 4184 959 4235 2.

139 4271 214 4326 35
377 4267 416 4335 ⁸)
453 4285 497 4323 c.
538 4271 577 4322 8
610 4268 686 4323 D.
725 4272 812 4323 96.

372 4356 420 4424 ⁴)
458 4373 503 4412 c.
541 4362 577 4411 6
612 4357 687 4413 D.
725 4361 812 4413 45.

375 4446 421 4514 ὅ)
460 4465 503 4502 c.
542 4451 615 4502 36
651 4448 710 4504 0.
742 4453 805 4502 11
841 4465 875 4517 q
928 4452 964 4502 3
1000 4448 1267 4519 (Vorlaye
1305 4467 1358 4519 q.
1399 4449 1473 4515 1).

377 4535 425 4604 ⁶)
461 4554 505 4592 c.
545 4540 577 4589 1
617 4535 672 4592 Ο.
709 4540 786 4591 23
821 4535 996 4607 [ciel]
1030 4553 1080 4606 q.
1122 4541 1171 4592 7.

382 4624 424 4694 τ)
463 4642 507 4679 c.
546 4628 576 4678 1
613 4625 670 4682 0.
707 4628 785 4679 23
822 4643 871 4694 q.
910 4628 958 4680 4.

378 4712 424 4784 ⁸)
463 4730 506 4770 c.
545 4717 620 4769 52
658 4713 713 4770 C.
749 4718 827 4770 23
861 4730 909 4784 q.
949 4718 1000 4770 4.
