3500 5300
1240 333 1339 394 No.
1376 338 1473 394 6οε
1512 337 1648 395 1537
1687 333 1921 395 Oktober
1957 337 2042 396 10.
2872 334 2980 400 215

317 531 554 597 Sances
599 541 661 599 61
708 532 915 621 quello
961 532 1153 599 habia
1196 544 1460 622 pregato
1505 558 1546 600 a
1608 536 1882 602 scrivere
1941 536 1984 600 il
2039 544 2204 602 tutto
2263 535 2388 602 alla
2448 537 2698 602 Maesta
2749 536 2849 603 del
2908 561 2978 603 re
3050 543 3191 593 1537

316 650 381 704 et
422 639 480 703 le
525 642 672 727 paia
718 663 867 707 cosa
912 643 1079 706 assai
1124 641 1341 707 chiara
1385 649 1449 707 et
1491 642 1846 726 manifesta,
1892 641 1976 708 116
2019 644 2173 730 pero
2220 643 2434 708 voluto
2480 643 2576 708 ch'
2625 645 2685 710 io
2732 667 2811 709 ne
2870 645 2978 710 dia
3003 609 3123 664 Okt.
3161 616 3227 663 ¹⁰

315 746 519 812 anche
572 755 793 834 questo
853 771 1013 835 poco
1071 757 1260 814 conto
1321 772 1362 813 a
1407 749 1486 816 V.
1537 749 1633 829 8.,
1693 750 1988 815 accioche
2046 758 2207 815 sotto
2266 748 2330 816 la
2385 750 2696 815 credenza
2749 751 2863 816 6116
2924 753 2976 815 si

312 854 372 918 le
415 855 502 918 (16
554 878 666 941 per
724 854 1023 943 l'alligato
1081 854 1278 921 breve
1309 858 1360 944 ¹)
1375 905 1394 939 ‚
1462 855 1625 943 parli
1671 858 1736 920 in
1801 864 2024 944 questa
2084 857 2489 941 conformia»,
2536 858 2980 944 raccogliendo

257 981 293 1033 5
312 969 471 1026 tutte
517 961 722 1049 quelle
782 962 941 1028 altre
1002 962 1211 1029 buone
1270 964 1517 1050 ragioni
1587 962 1702 1029 6116
1773 986 1960 1051 sopra
2030 965 2127 1029 cio
2196 987 2263 1030 se
2330 964 2456 1051 glie
2524 988 2677 1030 sono
2749 967 2978 1051 scripte

311 1077 484 1134 tante
542 1069 701 1135 altre
757 1069 958 1153 volte,
1022 1072 1318 1138 talmente
1362 1070 1479 1137 che
1522 1071 1587 1136 la
1630 1071 1880 1136 Maesta
1924 1071 2055 1138 Sua
2113 1070 2304 1137 habia
2365 1094 2560 1137 causa
2618 1071 2684 1136 di
2745 1080 2980 1137 restare

314 1175 437 1242 ben
483 1177 794 1242 satisfatta
840 1176 939 1243 del
988 1177 1201 1243 buono
1246 1186 1312 1243 et
1357 1186 1621 1265 paterno
1668 1179 1881 1244 animo
1930 1178 1995 1244 di
2027 1179 2160 1245 Sua
2192 1179 2453 1261 86111116,
2503 1178 2666 1243 dove
2708 1176 2764 1242 le
2810 1178 2979 1244 forze

308 1282 367 1348 le
413 1307 742 1349 mancano.
788 1284 831 1348 il
878 1293 1044 1350 resto
1092 1287 1342 1349 rimetto
1388 1285 1517 1350 alla
1560 1285 1900 1372 prudentia
1945 1285 2009 1350 di
2041 1285 2122 1351 V.
2156 1285 2238 1369 8.,
2284 1284 2346 1350 16
2394 1284 2579 1371 quale
2625 1309 2693 1350 so
2740 1293 2976 1372 quanto

308 1392 403 1456 sia
458 1391 732 1457 discreta
789 1399 852 1456 et
896 1391 1169 1457 desideri
1237 1392 1353 1457 che
1410 1414 1708 1479 appresso
1778 1392 2098 1479 d'ognuno
2159 1392 2291 1458 Sua
2362 1392 2760 1458 Beatitudine
2830 1394 2977 1456 resti

218 1518 289 1571 10
308 1498 644 1564 iustificata
687 1505 754 1564 et
797 1499 1089 1564 iscusata.
1182 1499 1349 1586 dopo
1395 1506 1619 1586 questa
1664 1501 1849 1585 petra
1904 1500 2040 1565 fare
2097 1499 2241 1565 fede
2302 1523 2341 1564 a
2385 1500 2517 1566 Sua
2564 1499 2809 1564 Maesta
2863 1498 2980 1563 che

307 1604 392 1669 da
436 1605 669 1672 Nostro
715 1606 980 1693 Signore
1028 1608 1063 1670 ὸ
1110 1615 1275 1672 stata
1335 1605 1795 1672 infinitamente
1854 1607 2299 1673 commendata
2358 1630 2471 1694 per
2529 1607 2593 1673 la
2650 1606 2979 1693 diligentia

307 1711 425 1778 che
468 1712 554 1777 ha
583 1721 768 1780 usata
810 1715 877 1779 in
909 1716 1197 1780 resistere
1243 1713 1304 1778 al
1337 1714 1549 1780 Turco
1596 1722 1659 1778 et
1704 1714 1863 1779 fatto
1895 1723 2148 1780 tornare
2194 1737 2315 1779 con
2345 1737 2507 1800 poco
2539 1714 2786 1779 honore·
2822 1722 2977 1812 etc.3

298 1830 371 1885 et
414 1818 531 1886 che
575 1829 793 1908 queste
839 1842 991 1886 sono
1038 1821 1270 1908 l'opere
1317 1820 1529 1907 d'ogni
1575 1843 1729 1886 vero
1776 1822 2060 1908 principe
2108 1820 2472 1886 christiano.

484 1927 573 1993 Et
615 1950 731 2015 per
776 1936 1029 1992 tornare
1074 1950 1115 1992 a
1159 1926 1305 2015 quel
1351 1927 1467 1993 6116
1514 1927 1595 1994 116
1640 1927 1903 1993 16661616
1949 1927 2016 1991 (11
2075 1951 2264 2014 sopra
2324 1929 2496 1994 circa
2552 1928 2975 1996 l'executione

217 2053 288 2107 15
307 2034 371 2099 di
418 2043 640 2122 questa
684 2034 857 2122 lega,
926 2034 1320 2101 conoscendo
1365 2034 1597 2100 Nostro
1657 2034 1924 2120 Signore
1981 2034 2099 2100 che
2158 2057 2349 2101 senza
2405 2034 2470 2099 la
2531 2056 2690 2121 pace
2753 2044 2853 2100 tra
2913 2034 2976 2102 16

304 2141 552 2207 Maesta
596 2141 871 2208 Cesarea
914 2151 977 2208 et
1021 2141 1066 2205 il
1109 2164 1179 2207 16
1235 2142 1303 2207 (11
1348 2141 1626 2207 Francia
1671 2165 1802 2207 non
1861 2142 1898 2207 6
1958 2141 2318 2207 facilmente
2378 2164 2492 2229 per
2550 2143 2781 2228 potersi
2839 2142 2974 2210 fare

306 2248 373 2314 di
416 2246 622 2337 quelle
669 2250 815 2313 vive
861 2258 926 2315 et
970 2247 1178 2314 buone
1226 2250 1473 2336 inprese
1519 2248 1638 2313 che
1684 2248 1932 2314 deveno
1978 2271 2147 2314 esser
2190 2248 2544 2316 desiderate
2585 2248 2669 2314 da
2714 2270 2970 2335 ognuno.

304 2364 367 2421 61
411 2355 529 2421 6116
573 2377 730 2420 66116
776 2357 1126 2421 necessarie
1170 2378 1286 2442 per
1329 2355 1679 2442 provedere
1722 2378 1854 2420 11116
1900 2356 2074 2422 volta
2118 2379 2159 2422 a
2202 2365 2421 2444 queste
2481 2364 2655 2421 tante
2715 2366 2778 2421 et
2838 2357 2970 2421 cosi

303 2462 531 2549 grandi
577 2463 772 2546 161116,
819 2464 855 2527 e
901 2463 1186 2550 disposta
1230 2460 1501 2529 batterla
1545 2470 1722 2528 tanto
1769 2471 1833 2527 et
1877 2471 2054 2528 tanto
2100 2463 2460 2529 exclamare
2528 2462 2643 2528 che
2715 2464 2773 2528 al
2844 2462 2971 2529 fine

211 2589 288 2644 20
304 2571 399 2635 sia
442 2570 747 2636 exaudita
792 2578 1016 2659 questa
1058 2560 1191 2634 sua'
1220 2592 1396 2635 voce.
1487 2578 1552 2635 et
1595 2592 1719 2658 pur
1763 2570 1920 2635 hora
1966 2568 2253 2657 spedisce
2309 2592 2425 2657 per
2483 2578 2703 2658 questo
2760 2570 2973 2636 effetto

305 2678 829 2766 principalmente
875 2678 980 2763 doi
1025 2677 1168 2743 altri
1213 2679 1419 2744 nuntii
1465 2676 1702 2743 all'una
1745 2687 1811 2743 et
1854 2701 1895 2742 a
1939 2676 2144 2742 l'altra
2189 2678 2353 2743 delle
2399 2678 2645 2743 Maesta
2688 2676 2839 2743 loro.
2909 2688 2972 2745 et

304 2785 512 2875 quello
558 2787 674 2851 che
718 2809 805 2851 va
849 2783 974 2850 alla
1018 2783 1293 2865 Cesarea
1336 2786 1373 2850 ὸ
1418 2785 1460 2850 11
1509 2785 1662 2851 Rev.
1711 2808 1950 2850 messer
1997 2783 2201 2850 Fabio
2247 2784 2616 2871 Mignanelli
2666 2785 2750 2855 da
2783 2785 3000 2853 Siena.

302 2893 615 2959 advocato
682 2891 1111 2960 consistoriale
1178 2903 1243 2958 et
1298 2914 1571 2980 persona
1637 2892 1701 2957 di
1761 2894 1984 2959 ottima
2059 2891 2302 2979 qualita
2359 2903 2422 2958 et
2485 2894 2673 2957 virtu.
2765 2893 2970 2958 exorti

302 3000 382 3065 V.
430 3001 491 3068 S.
538 3003 606 3067 in
650 3009 875 3089 questa
918 3001 1249 3065 occasione
1293 2999 1503 3087 quella
1532 3000 1782 3065 Maesta
1828 2999 2142 3065 catholica
2185 2998 2304 3065 che
2344 2999 2556 3085 voglia
2602 2999 2803 3065 anche
2849 2999 2970 3067 ella

210 3123 284 3179 25
303 3130 422 3173 con
454 3115 615 3173 tutte
644 3108 704 3174 le
734 3108 907 3172 forze
938 3129 1050 3172 sue
1081 3108 1324 3172 aiutare
1349 3107 1480 3172 Sua
1499 3107 1747 3173 8111111111ν
1776 3130 1817 3172 6
1846 3106 2226 3192 persuadere
2257 3116 2322 3171 61
2351 3128 2604 3171 movere
2633 3106 2697 3173 16
2725 3105 2971 3172 Maesta

303 3215 574 3280 Cesarea
619 3238 659 3279 6
702 3223 975 3280 mostrar
1012 3213 1376 3279 finalmente
1406 3212 1614 3301 quella
1657 3213 2017 3299 grandezza
2061 3213 2337 3280 d'animo
2367 3213 2484 3278 che
2513 3215 2566 3277 si
2596 3212 2871 3278 richiede
2901 3215 2965 3277 in

303 3345 390 3387 un
435 3330 612 3388 tanto
670 3323 1049 3408 imperatore
1094 3344 1134 3385 a
1178 3320 1482 3386 benefic-io
1540 3319 1707 3386 della
1751 3319 2162 3386 Christianita
2218 3327 2276 3386 et
2332 3321 2446 3402 far
2501 3342 2802 3386 conoscer
2847 3342 2966 3386 con

300 3430 514 3494 effetto
545 3438 783 3516 quanto
815 3450 1002 3516 possa
1030 3430 1096 3492 in
1142 3428 1223 3494 lei
1271 3426 1315 3491 il
1347 3427 1651 3493 beneficio
1704 3426 1980 3514 publice,
2026 3428 2070 3492 il
2115 3429 2374 3495 servitio
2405 3427 2485 3493 de
2515 3427 2643 3493 Dio
2689 3428 2802 3514 piu
2850 3426 2968 3492 6116

302 3538 449 3622 ogni
495 3535 874 3623 particolare
904 3535 1204 3600 interesse
1247 3534 1313 3599 di
1361 3557 1506 3600 cose
1544 3544 1806 3600 terrene.
1883 3543 1948 3600 et
1991 3537 2057 3600 in
2089 3542 2311 3622 questo
2348 3535 2424 3602 V.
2461 3535 2522 3601 S.
2569 3536 2774 3599 faccia
2805 3542 2968 3600 tutto

209 3661 283 3715 30
302 3644 448 3731 quel
493 3642 675 3708 caldo
724 3643 930 3708 officio
977 3642 1092 3709 6116
1137 3644 1321 3729 petra
1365 3643 1638 3708 secondo
1685 3642 1845 3707 vede
1874 3664 2043 3707 esser
2086 3642 2398 3707 desiderio
2444 3641 2510 3706 di
2542 3641 2674 3707 8116
2702 3641 2965 3708 86111116.

480 3749 595 3817 Col
643 3748 930 3816 cardinal
974 3748 1376 3836 Salconburg
1403 3752 1459 3831 ⁸)
1504 3749 1582 3813 V.
1633 3749 1695 3814 S.
1752 3751 1808 3813 si
1853 3750 1890 3814 6
1934 3758 2287 3834 governata
2343 3749 2864 3835 prudentemente
2927 3772 2966 3813 a

301 3856 617 3923 mandarli
663 3857 809 3945 quel
854 3856 1065 3940 breve,
1111 3856 1345 3944 perche
1376 3857 1443 3921 111
1490 3856 1703 3921 effetto
1749 3878 1877 3921 non
1924 3858 2108 3944 petra
2137 3856 2252 3922 che
2296 3857 2574 3943 giovare.
2649 3857 2751 3922 1161
2797 3863 2964 3925 16616

712 4006 831 4013 ‘—

443 4092 488 4140 a)
515 4092 611 4131 Sic!
637 4091 884 4141 (saum-9).

448 4197 491 4267 ⁸)
528 4198 755 4253 Gabriel
793 4196 1040 4253 Ssnchez
1076 4197 1232 4252 Tuae
1260 4197 1582 4253 Serenitatis
1618 4197 1770 4267 apud
1806 4213 1905 4251 nos
1940 4213 2111 4268 agens
2141 4226 2205 4236 —
2248 4197 2456 4251 schrieb
2501 4195 2651 4251 Paul
2666 4196 2780 4252 ΠΙ
2795 4202 2964 4252 anter

209 4291 282 4346 35
303 4287 423 4343 dem
456 4292 495 4340 8
535 4286 770 4342 Oktober
807 4291 952 4341 1537
986 4304 1092 4342 aus
1125 4287 1266 4343 Rom
1304 4303 1381 4340 an
1416 4285 1490 4340 K.
1527 4285 1863 4340 Fordinand
1901 4315 1966 4325 —
2008 4285 2234 4340 redditis
2271 4285 2430 4340 nobis
2466 4285 2640 4340 literis
2677 4287 2817 4354 tuis,
2863 4304 2963 4358 per

300 4394 442 4449 quas
488 4377 751 4431 auxilium
796 4384 990 4431 contra
1034 4375 1251 4431 Turcas
1297 4393 1333 4429 a
1380 4374 1539 4429 nobis
1576 4376 1745 4447 petis,
1796 4375 2028 4447 longiori
2080 4391 2327 4430 sermone
2374 4375 2443 4429 de
2478 4391 2545 4430 ea
2580 4391 2639 4430 re
2675 4375 2961 4432 nobiscum

300 4468 434 4539 egit,
471 4467 525 4520 id
555 4467 703 4538 quod
730 4467 897 4521 etiam
925 4467 1153 4520 nuntius
1181 4465 1329 4536 apud
1368 4472 1425 4519 te
1454 4472 1640 4519 noster
1666 4465 1737 4519 ad
1766 4482 1866 4519 nos
1892 4465 2304 4535 particulariter
2339 4472 2395 4519 et
2422 4465 2693 4519 instanter
2720 4466 2957 4537 scripsit.

302 4574 402 4611 nos
440 4572 567 4610 vero
604 4556 779 4610 eidem
825 4562 956 4610 tuae
992 4555 1245 4627 petitioni
1281 4554 1337 4608 id
1375 4554 1768 4625 respondemus
1804 4554 1950 4625 quod
1990 4562 2047 4609 et
2085 4571 2150 4608 ex
2187 4554 2431 4626 ejusdem
2472 4553 2750 4609 Gabrielis
2787 4554 2961 4609 literis

301 4653 361 4701 et
404 4663 471 4701 ex
517 4646 654 4701 dicti
702 4645 883 4699 nuntii
932 4645 1106 4701 nostri
1150 4643 1335 4699 verbis
1381 4643 1629 4714 apertius
1677 4643 1971 4715 intelliges.
2049 4645 2216 4700 Arch.
2266 4642 2390 4701 Vat.
2438 4643 2592 4698 Arm.
2638 4644 2705 4698 41
2754 4643 2879 4700 Vol.
2925 4646 2960 4703 8

208 4738 287 4797 40
303 4736 396 4792 fol.
436 4735 543 4792 302
578 4752 660 4790 nr.
695 4736 802 4791 296
837 4734 982 4791 Hm.
