3500 5300
380 507 516 556 1536

568 305 676 364 415
1690 306 1788 361 No,
1832 308 1929 360 1*:
1973 307 2126 360 1536.

571 511 607 580 ξ
656 506 709 567 si
765 504 946 568 liberi
1002 505 1067 568 ff.
1115 504 1196 567 (lc
1259 526 1428 589 oper.
1475 503 1847 567 libertorum
1879 507 1956 582 ι);
2019 503 2318 566 notabilis
2384 500 2725 567 cardinalis
2772 500 3130 565 Alexandri
3179 503 3256 565 in

570 634 623 675 c.
672 623 1075 676 sacrosancta
1123 621 1204 677 22
1277 611 1425 675 dist.
1453 615 1518 689 ²).
1579 618 1869 676 cessante
1932 618 2146 674 autem
2192 608 2658 674 consuetudine
2715 618 2830 673 aut
2886 607 3061 695 quod
3121 608 3257 672 alia

569 727 818 783 constet
877 716 957 782 de
1004 718 1215 782 dantis
1275 728 1385 782 aut
1442 718 1767 782 testatoris
1829 726 2071 797 mente,
2128 716 2523 802 probabilius
2583 719 2908 801 tutiusque
2972 717 3098 780 erit
3143 738 3256 780 as-

569 848 776 889 serere
824 824 890 889 id
936 827 1069 889 fieri
1118 849 1245 890 non
1293 825 1547 904 debere,
1594 828 1745 910 quia
1790 835 2048 909 recepta
2096 833 2194 888 est
2239 824 2346 887 illa
2391 823 2602 909 archy.
2649 826 2992 889 auctoritas
3043 863 3130 871 —
3179 827 3252 887 in

568 932 741 996 dicto
788 955 842 996 c.
873 955 1001 996 non
1034 931 1438 996 mediocriter
1464 935 1512 1010 ⁸)
1550 973 1627 978 —
1663 934 1867 1016 magis
1900 931 2209 1017 prodesse
2256 933 2366 995 uni
2397 933 2655 996 missam
2701 954 2848 996 cum
2877 930 3257 1016 specialiter
3309 940 3342 992 5

569 1042 703 1125 ejus
753 1041 986 1104 intuitu
1046 1038 1407 1104 celebratur
1465 1062 1653 1124 quam
1713 1061 1858 1102 cum
1917 1061 2033 1124 pro
2093 1037 2387 1103 omnibus
2447 1047 2560 1102 aut
2619 1038 2935 1124 plmibu5‚
2983 1048 3050 1101 et
3097 1040 3254 1123 quia

567 1170 693 1210 non
742 1146 1001 1211 videtur
1046 1149 1187 1231 quis
1240 1169 1316 1210 cx
1364 1157 1540 1210 certa
1597 1168 1791 1210 causa
1849 1144 2091 1231 aliquid
2139 1144 2350 1209 facere
2398 1144 2653 1232 quando
2699 1144 2857 1209 illud
2902 1144 3256 1210 tenebatur

569 1277 646 1318 ex
694 1255 819 1318 alia
865 1276 1059 1319 causa
1106 1254 1358 1318 facere:
1406 1254 1444 1317 l.
1492 1252 1607 1317 sed
1656 1263 1721 1316 et
1767 1255 1819 1316 si
1870 1258 1908 1331 ,ξ
1941 1254 2145 1338 primo
2191 1252 2257 1316 ff.
2289 1252 2370 1317 ad
2405 1253 2697 1317 exhiberi.
2725 1256 2807 1334 ⁴);
2853 1253 2892 1316 l.
2939 1252 3058 1317 sed
3093 1261 3160 1316 et
3191 1254 3251 1316 si

571 1365 607 1443 ,ξ
655 1360 827 1446 quod
873 1363 959 1425 ait
1006 1360 1070 1424 ff.
1118 1360 1199 1424 de
1248 1363 1398 1446 peti.
1431 1360 1596 1424 here.
1625 1361 1702 1441 ⁵);
1750 1361 1789 1423 l.
1834 1362 1888 1424 si
1935 1382 2036 1434 res
2084 1359 2149 1423 ff.
2197 1359 2278 1423 dc
2324 1363 2415 1424 rei
2463 1358 2660 1426 vindi.
2687 1362 2735 1442 ⁶)
2749 1385 2764 1439 3
2812 1360 3028 1445 glossa
3075 1362 3146 1423 in
3192 1383 3251 1424 c.

569 1490 715 1532 cum
762 1468 842 1532 ab
889 1470 1058 1531 omni
1108 1468 1189 1532 de
1238 1469 1369 1531 vita
1417 1479 1479 1531 et
1526 1466 1858 1531 honestate
1905 1466 2119 1532 clerici
2151 1469 2215 1546 ⁷).
2308 1489 2427 1532 nec
2473 1468 2571 1532 his
2619 1469 3039 1532 contrariatur
3071 1466 3250 1552 quod
3277 1478 3340 1528 lo

569 1575 725 1638 dicit
770 1573 1203 1660 Hieronymus
1264 1577 1329 1638 in
1389 1573 1564 1638 dicto
1613 1597 1666 1640 c.
1713 1597 1841 1638 non
1897 1573 2303 1640 mediocriter
2356 1574 2438 1639 de
2485 1596 2695 1638 conse.
2742 1573 2889 1639 dist.
2938 1584 3009 1654 5,
3071 1574 3250 1659 quod

568 1707 715 1746 cum
760 1705 876 1768 pro
924 1683 1169 1746 cunctis
1216 1681 1549 1746 animabus
1596 1681 1878 1767 psalmus
1925 1680 2031 1746 vel
2090 1684 2284 1745 missa
2333 1681 2600 1759 dicitur,
2661 1682 2750 1745 nil
2795 1684 3005 1745 minus
3053 1704 3250 1766 quam

569 1791 622 1853 si
670 1812 785 1876 pro
831 1810 1215 1874 unoquoque
1262 1791 1543 1874 ipsorum
1578 1787 1912 1868 diceretur,
1958 1790 2300 1874 accipitur3
2349 1791 2648 1875 quoniam
2696 1788 3044 1853 secundum
3095 1788 3252 1853 bea-

568 1907 703 1961 tum
749 1896 1057 1960 Thomam
1106 1900 1170 1961 in
1220 1907 1277 1961 4.
1326 1898 1643 1960 sententia
1688 1895 1836 1960 dist.
1886 1905 1986 1963 45.
2034 1920 2093 1982 q.
2141 1906 2200 1961 4.
2248 1918 2332 1959 ar.
2389 1908 2438 1960 1.
2472 1906 2536 1959 et
2584 1908 2642 1961 2.
2673 1899 2716 1976 Β)
2767 1894 2924 1960 illud
2971 1895 3246 1979 intelligi

570 2003 763 2068 debet
809 2013 1119 2089 quatenus
1167 2002 1603 2068 consideratur
1648 2002 2020 2086 suffragium
2066 2011 2363 2089 respectu
2412 2006 2695 2068 caritatis
2753 2026 2937 2068 secus
2985 2003 3249 2088 quando
3271 2012 3340 2064 15

572 2121 673 2176 cst
719 2110 1234 2175 satisfactorium.

748 2218 965 2280 Minus
1015 2220 1205 2282 etiam
1253 2218 1469 2282 obstat
1527 2226 1597 2281 ut
1656 2219 1711 2281 si
1771 2240 1896 2281 una
1942 2217 2049 2282 die
2096 2217 2221 2282 due
2283 2227 2392 2282 aut
2453 2230 2582 2281 tres
2630 2240 2818 2282 cause
2863 2227 3268 2309 concurrant

569 2327 806 2410 jejunii,
853 2328 1019 2390 sicut·
1063 2328 1126 2389 in
1174 2324 1411 2408 vigiliis
1460 2334 1525 2387 et
1568 2326 1803 2409 jejunio
1844 2333 2114 2409 quatuor
2160 2333 2534 2411 temporum,
2582 2348 2704 2409 que
2751 2324 3039 2390 incidunt
3087 2347 3248 2410 qua-

572 2433 928 2516 dragesime
975 2442 1280 2517 tempore,
1324 2435 1514 2496 unico
1559 2433 1796 2517 jejunio
1842 2454 1958 2517 pro
2005 2432 2293 2517 pluribus
2340 2434 2630 2496 satisfieri
2679 2441 2917 2518 potest:
2968 2454 3021 2496 c.
3055 2442 3114 2497 2.
3158 2432 3247 2496 de

573 2540 778 2603 obser.
808 2543 953 2626 jeju.
982 2541 1028 2620 ⁹)
1063 2581 1167 2619 ——‚
1215 2538 1508 2604 videatur
1539 2540 1729 2604 ctiam
1763 2561 1952 2603 unam
1983 2538 2276 2603 sufficere
2307 2562 2423 2625 pro
2455 2539 2742 2626 pluribus
2773 2541 3051 2618 missam,
3097 2562 3246 2604 cum
3265 2546 3336 2599 20

574 2646 794 2711 eadem
846 2648 951 2712 (lie
997 2650 1270 2734 plurium
1318 2645 1544 2711 incidit
1574 2646 1895 2732 obligatio.
1987 2650 2286 2733 quoniam
2332 2646 2401 2712 id
2450 2631 2744 2733 procedit
2784 2646 3040 2733 quando
3088 2670 3246 2733 que-

570 2755 728 2819 libet
778 2779 991 2819 earum
1039 2757 1366 2820 concernit
1414 2764 1657 2819 certum
1705 2754 1893 2835 diem,
1940 2757 2092 2840 quia
2137 2764 2350 2840 potest
2395 2756 2688 2819 satisfieri
2736 2778 2814 2820 eo
2846 2754 2950 2820 dic
2996 2755 3242 2820 meliori

572 2861 761 2925 modo
832 2885 959 2948 quo
1024 2870 1256 2948 potest.
1358 2861 1474 2926 sed
1532 2864 1596 2924 in
1670 2883 1822 2925 casu
1894 2870 2113 2926 nostro
2184 2871 2392 2926 cessat
2463 2862 2580 2926 hec
2647 2864 2845 2942 ratam,
2913 2886 3064 2927 cum
3131 2886 3249 2949 per

571 2969 783 3054 plures
833 2968 1195 3033 sacerdotes
1243 2978 1460 3054 potest
1508 2991 1583 3032 co
1630 2968 1736 3033 dic
1767 2968 2084 3033 voluntati
2131 2971 2450 3033 testatoris
2497 2978 2607 3033 aut
2651 2968 2865 3034 dantis
2922 2971 3212 3035 satisfieri
3227 2997 3244 3050 ;

571 3076 798 3160 quodsi
849 3099 963 3162 per
1008 3076 1217 3162 plures
1264 3077 1552 3140 satisfieri
1602 3099 1729 3140 non
1778 3085 2014 3162 posset,
2063 3088 2129 3140 ut
2171 3078 2318 3162 quia
2363 3085 2634 3141 testator
2679 3085 2792 3142 aut
2844 3079 2952 3163 qui
3011 3078 3330 3143 eleum-25

573 3186 773 3246 sinam
824 3186 1231 3267 errogaverit,
1278 3183 1549 3248 voluerit
1598 3207 1711 3268 per
1754 3192 2069 3247 rectorem
2099 3183 2369 3249 ecclesie
2415 3192 2587 3247 certo
2617 3183 2722 3249 die
2771 3187 3031 3249 missam
3078 3186 3246 3251 cele-

571 3291 770 3369 brari,
841 3294 895 3353 si
961 3314 1036 3354 eo
1086 3290 1189 3354 die
1249 3291 1581 3355 celebritas
1643 3292 1979 3355 incurrerit
2037 3293 2102 3354 in
2158 3313 2282 3377 qua
2340 3313 2500 3377 opus
2562 3293 2645 3355 sit
2704 3292 2968 3357 missam
3017 3317 3092 3357 co
3139 3294 3246 3358 die

572 3399 912 3483 ascriptam
958 3398 1283 3477 celebrari,
1328 3401 1565 3483 poterit
1608 3421 1724 3483 per
1770 3398 2074 3462 colectam
2123 3399 2448 3477 satisfieri3
2507 3398 2612 3464 vel
2661 3421 2808 3463 cum
2855 3399 3086 3465 incidit
3129 3425 3244 3488 pro

572 3504 857 3589 pluribus
908 3527 1030 3568 uno
1079 3505 1182 3569 die
1231 3504 1552 3597 obligati0‚
1598 3528 1714 3591 pro
1760 3504 2048 3591 pluribus
2095 3507 2283 3571 unica
2328 3505 2650 3570 oblatione
2698 3507 3017 3572 satisfieri.
3108 3511 3248 3594 qui-

573 3611 692 3675 bus
740 3612 996 3676 casibus
1043 3614 1277 3698 injusta
1327 3611 1495 3676 foret
1541 3612 1812 3698 querela.
1904 3613 2059 3677 alias
2120 3635 2236 3699 per
2290 3613 2571 3677 locorum
2615 3613 2982 3680 ordinarios
3031 3618 3331 3702 provi-30

574 3717 869 3782 dendum.

720 3989 758 4047 Γ)
798 3987 871 4041 D.
914 3987 1263 4041 XXXVIII
1298 3988 1377 4040 tit.
1422 3993 1452 4041 1
1492 3990 1524 4041 l.
1571 3993 1601 4040 7
1636 3988 1674 4055 ,ὃ
1712 3992 1760 4042 6.

720 4076 759 4127 ²}
799 4096 841 4130 c.
880 4082 918 4129 2
954 4077 1024 4130 1.).
1064 4081 1157 4129 22.

722 4165 759 4231 ³)
801 4184 842 4220 c,
882 4170 956 4220 24
996 4167 1067 4219 D.
1109 4170 1142 4218 5
1180 4167 1247 4219 de
1286 4184 1429 4219 cons,

718 4256 758 4309 ἡ
800 4256 870 4308 1).
912 4256 974 4308 X
1012 4257 1094 4309 tit.
1137 4260 1169 4308 4
1209 4258 1240 4309 ι.
1284 4261 1350 4309 11
1387 4258 1425 4325 ,ς’
1466 4261 1511 4309 1.
3268 4259 3330 4313 35

721 4343 760 4406 5)
800 4345 870 4397 D.
925 4344 1089 4398 Vtit.
1129 4349 1164 4398 3
1203 4346 1234 4398 l.
1273 4349 1347 4399 25
1384 4345 1422 4413 ,δ
1458 4350 1513 4399 2.

719 4435 760 4489 “)
802 4434 873 4487 D.
921 4434 1007 4487 VI
1038 4435 1121 4487 tit.
1161 4438 1191 4486 1
1229 4436 1261 4487 l.
1302 4439 1385 4487 10.

726 4522 760 4575 ἲ)
800 4524 921 4576 [Ab.
962 4524 1073 4576 III
1108 4524 1187 4576 tit.
1228 4528 1258 4576 1
1296 4541 1338 4577 c.
1379 4528 1459 4577 10.

721 4616 759 4659 ἢ
809 4613 1038 4665 Thomas
1085 4614 1349 4681 Aquinas,
1393 4612 1731 4667 Commentar
1768 4632 1836 4667 :u
1875 4615 1978 4668 den-
2015 4616 2310 4669 &memma
2350 4616 2444 4669 des
2481 4616 2681 4670 Petrus
2719 4619 3095 4676 lambens-dus.

722 4702 760 4749 ²⁶³
800 4702 921 4754 Lib.
966 4703 1071 4755 III
1106 4706 1187 4755 tit.
1223 4707 1293 4754 46
1331 4722 1372 4755 c.
1412 4708 1466 4756 2.
