3500 5300
405 568 545 618 1534

347 636 487 705 Apr.
525 641 602 691 28
669 673 681 687 .

349 887 490 955 Apr.
527 892 600 941 27

616 363 725 428 22⁰
1589 367 1688 423 No.
1727 366 1826 422 81:
1866 367 2008 422 1534
2045 367 2195 438 April
2229 369 2315 422 28.

622 567 681 628 io
727 566 1044 630 animasse
1102 572 1331 651 questa
1375 563 1632 629 Maesta
1691 564 1817 629 alla
1863 566 2241 628 executione
2300 563 2470 629 della
2516 566 2865 642 sententia,
2925 574 2991 629 et
3033 564 3097 629 la
3142 588 3293 652 pro-

617 673 829 737 vlsion
875 672 1042 737 fat-ta
1085 674 1152 736 in
1197 672 1385 737 luoco
1432 671 1539 736 del
1584 670 1949 750 Verulan0‚
2009 693 2130 736 con
2175 671 2371 735 molte
2419 671 2577 736 altre
2637 694 2787 737 cose
2832 674 3108 750 menori,
3167 673 3291 737 alle

618 779 792 864 quali
841 778 1122 843 etiandio
1169 778 1562 866 rispondero‚
1608 802 1712 844 ma
1758 802 1795 844 a
1842 788 2007 844 tutte
2053 781 2319 843 insieme
2365 789 2551 865 poste
2598 781 2665 844 in
2712 802 2799 844 un
2844 779 3042 845 fasce.

798 884 895 949 Or
939 907 1059 949 con
1105 894 1326 970 queste
1373 887 1631 950 materie
1678 908 1794 949 son
1841 893 2007 949 stato
2053 884 2186 949 heri
2236 884 2338 950 dal
2401 907 2498 964 re,
2557 886 2603 950 il
2663 886 2848 972 quale
2894 890 2929 950 6
2975 885 3133 951 hora
3178 889 3289 973 pin

617 1002 928 1079 occupato
975 990 1092 1058 che
1138 993 1201 1056 io
1247 990 1522 1057 l'habbia
1567 992 1808 1059 veduto
1867 990 2139 1057 anchora
2156 1042 2172 1071 ‚
2231 1014 2345 1078 per
2389 993 2452 1057 la
2497 1016 2667 1057 nova
2709 1015 2935 1079 guerra
2981 992 3101 1059 che
3149 1016 3293 1080 pre-
3343 1005 3375 1057 ὁ

616 1122 799 1185 para,
871 1102 1107 1165 sicome
1168 1101 1230 1164 io
1302 1100 1615 1181 scrivero3
1689 1122 1794 1164 ma
1866 1122 1986 1165 con
2045 1108 2207 1164 tutte
2267 1099 2325 1163 le
2387 1101 2787 1186 occupationi
2847 1099 2978 1164 Sua
3036 1100 3292 1166 Maesta

617 1208 698 1270 mi
750 1206 986 1293 deputo
1033 1205 1399 1271 l'audientia
1453 1231 1490 1271 a
1549 1207 2092 1294 dappo-vespero
2153 1216 2217 1271 et
2275 1229 2390 1293 per
2435 1229 2549 1271 sua
2596 1206 2929 1272 clementia
2975 1217 3041 1272 et
3095 1207 3293 1273 bonta

616 1313 858 1377 infinita
903 1315 1297 1400 inspectante
1359 1323 1494 1378 tota
1552 1316 1726 1379 curia
1785 1315 1872 1379 mi
1932 1315 2175 1379 ritenne
2221 1314 2358 1379 solo
2404 1314 2571 1379 nella
2615 1336 2867 1379 camera
2911 1324 3006 1379 tre
3052 1314 3290 1401 lunghe

617 1443 723 1484 ore
742 1471 756 1499 ‚
817 1420 982 1485 onde
1039 1423 1101 1485 io
1148 1421 1338 1486 hebbi
1398 1430 1613 1508 tempo
1674 1431 1739 1485 ct
1798 1421 1902 1487 del
1960 1422 2230 1487 concilio
2291 1430 2357 1486 et
2416 1420 2581 1486 della
2641 1423 2952 1486 sententia
3011 1431 3079 1486 et
3125 1422 3291 1488 delle

616 1551 763 1592 cose
812 1527 891 1593 de
937 1527 1219 1593 Thurchi
1268 1538 1333 1592 et
1378 1528 1543 1594 delle
1590 1529 1746 1593 altre
1807 1528 1985 1593 dirne
2033 1551 2072 1593 a
2115 1528 2218 1593 bel
2265 1530 2408 1614 agio
2455 1537 2520 1592 et
2564 1526 2842 1594 haverne
2905 1531 3181 1615 risposte
3226 1540 3293 1595 et
3320 1542 3381 1593 10

618 1635 902 1700 discorsi.
992 1637 1100 1723 poi
1145 1637 1231 1700 n1i
1279 1658 1537 1702 occorse
1584 1635 1853 1701 un'altro
1885 1635 2239 1715 commodO,
2286 1634 2402 1701 che
2450 1634 2580 1701 Sua
2611 1636 2864 1701 Maesta
2908 1645 3294 1723 spontanea-

616 1752 826 1807 mente
873 1744 926 1807 si
973 1744 1165 1807 misse
1213 1766 1250 1807 a
1296 1745 1675 1829 ragionarmi
1722 1744 1781 1808 le
1826 1745 2027 1830 prime
2065 1766 2254 1809 cause
2288 1743 2353 1808 di
2400 1751 2566 1808 tutto
2614 1744 2660 1807 il
2702 1752 2906 1808 motto
2953 1754 3019 1808 et
3062 1767 3291 1831 guerra

619 1849 736 1914 che
783 1852 837 1915 si
882 1873 1070 1915 move
1117 1850 1272 1915 hora
1316 1852 1381 1914 in
1429 1850 1791 1930 Germania,
1836 1859 1903 1915 et
1948 1850 2260 1916 discorrer
2304 1873 2485 1916 meco
2531 1873 2611 1915 an
2655 1853 2894 1938 justum
2939 1861 3115 1917 esset
3157 1851 3294 1918 bel-

620 1958 751 2022 lum
797 1957 920 2023 hoc
965 1980 1044 2022 ex
1090 1968 1268 2044 parte
1326 1981 1470 2037 sua,
1529 1967 1595 2023 et
1651 1981 1767 2045 per
1823 1959 1951 2023 mia
2004 1958 2154 2023 fede
2201 1981 2328 2023 non
2374 1957 2458 2022 ho
2503 1960 2814 2045 imparato
2858 1967 3038 2023 tanto
3086 1961 3151 2023 in
3198 1961 3291 2024 sei

350 2064 491 2135 Apr.
527 2068 604 2119 27
621 2066 774 2129 mesi
809 2074 1044 2151 quanto
1090 2064 1173 2129 ho
1219 2065 1384 2131 fatto
1430 2064 1706 2130 hiersera
1747 2066 1850 2131 (161
1898 2074 2064 2131 stato
2112 2065 2275 2131 delle
2321 2088 2470 2131 cose
2503 2064 2899 2131 Germanice.
2976 2075 3042 2130 61
3074 2067 3292 2153 voglio
3320 2078 3384 2131 15

619 2174 684 2235 in
730 2181 955 2257 questa
999 2171 1185 2237 lettra
1230 2174 1549 2238 scriverne
1607 2173 2016 2239 brevemente
2075 2175 2175 2238 cio
2222 2173 2338 2238 che
2385 2179 2419 2237 6
2466 2173 2530 2238 (11
2579 2182 2804 2260 questa
2848 2193 3295 2260 nwaguerm

620 2288 685 2343 et
729 2279 1113 2365 pericolosa3
1158 2282 1264 2367 poi
1313 2281 1476 2346 nelle
1522 2282 1679 2346 altre
1726 2283 2007 2348 scrivere
2054 2280 2298 2346 d'altro.

798 2385 1265 2474 Vertemberga
1310 2394 1344 2453 6
1391 2389 1623 2454 ducato
1681 2398 1870 2476 posto
1916 2390 2097 2476 quasi
2159 2388 2263 2453 nel
2305 2390 2559 2474 meggio
2606 2387 2673 2453 di
2718 2386 3049 2474 Lamagna
3096 2398 3164 2454 et·
3208 2389 3296 2455 ha

618 2516 733 2579 per
795 2494 1037 2559 confine
1097 2504 1278 2581 parte
1339 2496 1400 2561 la
1459 2519 1607 2562 casa
1671 2496 2031 2576 d'Austria,
2087 2504 2268 2583 parte
2314 2498 2334 2560 i
2381 2497 2554 2561 conti
2599 2495 2873 2561 Palatini
2919 2504 2984 2561 et
3027 2496 3093 2562 lo
3154 2499 3296 2584 epi-

619 2624 814 2689 scopo
860 2601 1325 2690 Herbipolense
1385 2613 1451 2669 et
1495 2628 1579 2671 un
1624 2605 1911 2693 principe
1971 2604 2075 2669 del
2133 2605 2395 2691 imperio
2450 2604 2568 2671 che
2626 2609 2661 2668 e
2721 2605 2892 2670 ricco
2960 2607 3293 2692 preposito
3314 2616 3385 2669 20

619 2711 724 2790 (mi
772 2716 805 2774 e
855 2710 1060 2796 fugito
1106 2712 1151 2775 il
1181 2735 1367 2777 nome
1401 2712 1569 2778 della
1599 2713 1857 2794 chiesia)
1892 2716 1954 2795 ¹),
2002 2722 2066 2777 et
2111 2718 2145 2776 e
2190 2733 2360 2777 novo
2410 2711 2641 2778 ducato
2687 2721 2864 2777 tanto
2912 2712 3030 2777 che
3061 2711 3292 2779 Ulrico

616 2816 771 2882 hora
816 2819 1009 2884 eietto
1055 2826 1089 2883 6
1135 2819 1180 2883 11
1226 2829 1399 2885 terzo
1460 2819 1624 2885 duca
1651 2823 1717 2903 ²),
1766 2829 1831 2884 et
1874 2820 1917 2884 il
1964 2821 2168 2907 primo
2227 2818 2301 2884 fu
2360 2819 2574 2900 hoste,
2631 2819 2748 2885 che
2807 2818 3104 2886 havendo
3164 2819 3293 2886 ben

615 2925 1018 3012 gnadagnato
1087 2950 1208 2992 con
1267 2929 1288 2991 i
1350 2929 1487 2992 suoi
1545 2925 1828 3012 alberghi
1887 2928 1941 2990 si
1999 2926 2142 2991 fece
2202 2926 2303 2989 far
2359 2925 2569 2990 nobile
2586 2950 2602 3006 ;
2670 2927 2778 3012 poi
2837 2924 2904 2990 di
2961 2925 3163 3011 grado
3226 2929 3291 2991 111

615 3033 814 3118 grado
863 3033 1007 3098 vole
1037 3036 1333 3121 pervenir
1377 3037 1516 3099 sino
1564 3034 1686 3099 alla
1718 3033 1964 3119 dignita
2009 3032 2111 3098 del
2145 3033 2407 3114 ducat03
2453 3037 2606 3119 pero
2652 3032 2696 3096 il
2728 3033 2989 3098 castello
3036 3035 3292 3098 minato

616 3139 732 3206 che
780 3140 863 3205 da
907 3142 950 3206 il
995 3164 1181 3206 nome
1228 3165 1265 3206 a
1311 3152 1477 3207 tutto
1534 3142 1769 3207 ducato
1787 3190 1803 3220 ‚
1860 3142 1915 3205 si
1975 3140 2293 3206 domanda
2338 3139 2784 3226 Vertemberg,
2829 3139 2946 3206 che
2993 3140 3104 3205 vol
3149 3140 3290 3207 dire
3310 3151 3379 3204 25

615 3246 847 3335 hospes
895 3250 960 3312 in
1008 3258 1236 3315 monte.
1327 3273 1430 3314 ma
1477 3250 1619 3315 dice
1664 3247 1797 3314 Sua
1842 3248 2094 3313 Maesta
2135 3247 2253 3314 che
2300 3254 2333 3311 6
2378 3246 2724 3312 bellissimo
2768 3269 2959 3334 paese
2992 3256 3059 3312 61
3087 3248 3290 3314 molto

615 3356 825 3420 fertile
872 3356 938 3421 di
983 3379 1181 3443 grano
1230 3364 1297 3421 61
1341 3356 1406 3420 (11
1451 3358 1604 3422 vino
1664 3355 1878 3422 buono
1926 3364 1992 3420 et
2037 3357 2189 3441 pien
2235 3354 2553 3419 d’homeni
2598 3353 2840 3420 robusti
2888 3363 2953 3419 et
2996 3354 3287 3421 bellicosi

617 3503 699 3511 —
751 3471 817 3528 et
859 3485 975 3549 per
1018 3463 1063 3527 il
1109 3465 1220 3549 piu
1280 3485 1437 3528 sono
1496 3462 1689 3529 buoni
1739 3462 2054 3528 Catholici
2103 3503 2185 3511 -
2203 3487 2221 3543 ;
2281 3484 2406 3527 non
2467 3467 2622 3549 pero
2679 3462 2877 3527 molto
2933 3463 3177 3548 grande
3223 3473 3290 3529 et

615 3571 937 3656 spaciOSO‚
994 3593 1099 3635 ma
1157 3570 1328 3636 forse
1393 3580 1473 3638 15
1533 3571 1750 3656 miglia
1808 3571 2151 3656 germanici
2210 3592 2325 3656 per
2382 3569 2732 3656 lunghezza
2778 3579 2845 3634 et
2886 3592 3051 3656 poco
3098 3594 3287 3636 meno

613 3698 730 3763 per
774 3676 1125 3742 latitudine.
1216 3679 1282 3743 vi
1341 3700 1498 3743 sono
1561 3677 1786 3744 dentro
1847 3677 1913 3742 di
1972 3676 2182 3742 buone
2241 3686 2403 3742 terre
2465 3686 2530 3741 61
2574 3677 2836 3757 castelli,
2881 3700 2986 3742 ma
3030 3687 3375 3766 quatu-030

614 3784 725 3870 piu
770 3785 996 3848 muniti
1043 3784 1126 3850 da
1170 3795 1394 3850 natura
1454 3795 1518 3850 et
1578 3785 1836 3866 d'altro,
1895 3786 1997 3851 nei
2044 3785 2214 3871 quali
2261 3786 2536 3850 consiste
2580 3785 2644 3849 la
2688 3785 2970 3851 fortezza
3017 3786 3121 3852 del
3169 3787 3287 3853 du-

616 3900 760 3957 cato
787 3894 853 3975 ⁸).
945 3915 1045 3971 se,
1104 3892 1246 3958 dice
1292 3894 1337 3957 il
1394 3916 1493 3972 re,
1558 3916 1686 3958 non
1746 3895 1810 3958 vi
1872 3893 2121 3958 iussero
2185 3892 2251 3958 di
2310 3892 2456 3957 beni
2512 3893 2876 3979 impegnati,
2921 3897 3129 3980 potrei
3175 3894 3286 3960 ha-

614 4021 808 4064 verne
870 3999 931 4064 al
989 4022 1153 4064 anno
1228 3999 1293 4064 di
1363 3999 1610 4065 rendita
1676 4011 1800 4070 125
1820 4011 1950 4069 ΟΟΟ
2008 4000 2228 4065 florini.
2332 4022 2443 4064 ora
2500 4007 2725 4086 questo
2782 4000 3000 4082 luoco,
3072 4002 3193 4068 che
3249 4009 3283 4066 6

615 4105 813 4172 feudo
873 4107 979 4172 del
1037 4108 1332 4194 imperi0‚
1390 4130 1496 4171 era
1552 4130 1668 4193 per
1727 4109 2091 4173 succession
2136 4116 2375 4173 venuto
2431 4107 2513 4172 ad
2560 4105 2782 4174 Ulrico
2830 4116 2896 4172 61
2939 4131 3125 4195 prese
3171 4133 3285 4196 per

763 4411 806 4476 ¹)
857 4412 1136 4468 Vielleicht
1172 4412 1521 4483 Ellwanyen‚
1558 4431 1640 4468 wo
1677 4413 1777 4468 der
1812 4411 2117 4482 Pfalzyraf
2144 4412 2419 4469 Heinrich
2454 4412 2655 4468 Probet
2692 4430 2825 4468 war.
3296 4411 3369 4464 35
3490 4437 3491 4484 3

761 4499 804 4569 ²)
846 4501 1139 4557 Eberhard
1177 4503 1254 4556 im
1291 4503 1458 4570 Bart,
1495 4508 1662 4557 erster
1698 4502 1916 4571 Herzog]
1952 4518 2060 4556 von
2096 4501 2472 4571 Wiae’rtemberq
2512 4506 2670 4569 1495,
2708 4501 2746 4571 †
2773 4506 2944 4570 1496,·
2981 4504 3093 4557 ihm
3121 4505 3279 4573 folytc

617 4591 912 4647 Eberhard
946 4592 1044 4660 II,
1096 4592 1196 4646 cler
1240 4592 1408 4648 sehon
1440 4596 1584 4646 1498
1630 4593 1889 4661 abyesetzt
1923 4591 2137 4659 warde,
2186 4591 2418 4657 worauf
2446 4592 2542 4646 der
2577 4591 2871 4662 elffiaeihriye
2918 4592 3113 4648 Ulvich
3147 4592 3275 4663 (qeb.

616 4683 780 4751 1487)
818 4682 1018 4737 cla-ittet·
1055 4682 1272 4752 Herzoy
1309 4682 1513 4737 warde.

761 4769 807 4841 ⁸)
849 4771 1132 4842 Tabinyen
1168 4773 1376 4841 Asbery
1414 4772 1638 4826 Hohen·
1651 4771 1831 4826 Urach
1868 4770 2346 4838 Hom-Neuffen.
