3500 5300
1096 411 1195 475 No.
1235 410 1544 475 186—187:
1581 415 1721 476 1535
1758 413 1971 489 August
2007 410 2055 477 7.
2803 407 2905 480 471

240 614 307 678 di
356 616 561 678 costui
610 623 674 677 et
721 613 978 679 lauder&
1036 615 1237 679 anche
1297 615 1419 679 ella
1481 624 1545 679 et
1605 614 1837 680 havera
1901 618 1965 679 in
2026 618 2365 680 rivel-entia
2424 618 2477 680 el
2527 640 2693 703 papa
2741 627 2805 680 et
2848 618 2907 680 le
2966 622 3147 712 1535,Μ

239 722 506 785 materie
575 743 720 801 sue,
787 721 1081 786 havendo
1150 719 1387 786 veduto
1456 723 1555 786 cio
1615 722 1734 786 che
1795 722 1879 786 ha
1934 723 2098 786 fatto
2157 747 2246 788 un
2301 725 2389 787 tal
2450 725 2752 811 principe.
2845 691 3072 788 indm·
3116 713 3133 742 ‘

239 850 487 893 somma
531 850 570 892 a
613 851 714 893 me
758 851 912 915 pare
958 829 1076 893 che
1123 837 1345 914 queste
1393 850 1542 893 cose
1590 828 1872 894 habbino
1905 828 2055 894 data
2097 829 2518 913 grandissima
2565 833 2909 916 riputation

240 944 307 998 et
352 935 776 1020 grandissimo
822 957 1158 1021 progresso
1205 944 1270 998 et
1314 935 1488 1000 forza
1534 958 1572 999 a
1617 946 1845 1020 questo
1889 939 2156 1021 negocio
2215 937 2319 1002 del
2379 938 2681 1016 concili0,
2746 937 2910 1001 oncle

185 1041 370 1126 begli
418 1045 473 1106 si
520 1041 752 1108 habbia
799 1041 881 1105 ad
925 1039 1235 1105 indrizzar
1278 1041 1712 1122 felicemente‚
1783 1051 1848 1107 et.
1915 1045 1978 1106 io
2048 1066 2163 1128 per
2227 1067 2328 1107 me
2388 1043 2535 1108 dico
2598 1067 2676 1107 ne
2725 1067 2910 1129 spero

240 1148 479 1233 meglio
525 1148 644 1213 che
692 1149 817 1213 mai
863 1149 924 1212 io
956 1147 1189 1213 habbia
1234 1157 1503 1234 speram,
1551 1149 1847 1215 vedendo
1880 1149 1997 1213 che
2044 1172 2129 1212 un
2160 1147 2227 1213 di
2274 1152 2551 1236 principi
2598 1151 2911 1214 lutherani

239 1258 296 1320 si
345 1262 381 1320 e
429 1254 802 1320 dimostrato
834 1260 971 1320 6061
1016 1255 1143 1319 ben
1173 1254 1463 1341 disposto
1496 1278 1681 1320 verso
1726 1256 1789 1320 la
1832 1256 1986 1321 sede
2033 1256 2383 1341 apostolica
2429 1265 2491 1320 et
2538 1256 2599 1322 la
2645 1281 2913 1343 persona

240 1362 311 1427 di
359 1385 529 1450 papa
573 1362 793 1442 Paulo,
840 1371 904 1427 et-
949 1361 1417 1448 comprehendo
1448 1362 1566 1427 che
1611 1363 1700 1446 gli
1747 1362 1890 1426 altri
1923 1365 2197 1450 principi
2229 1363 2558 1428 adherenti
2605 1387 2641 1427 a
2689 1373 2914 1450 questo

239 1491 520 1534 saranno
587 1468 1121 1534 medesmamente
1191 1467 1252 1533 di
1323 1468 1672 1533 bonissima
1730 1468 2166 1554 dispositione.
2272 1472 2359 1533 mi
2430 1469 2915 1534 raccommando

157 1587 224 1641 10
240 1575 370 1640 alla
420 1575 484 1641 S.
529 1574 620 1643 V.

425 1682 516 1745 Di
560 1682 996 1768 Noremberga
1040 1682 1144 1746 alli
1195 1692 1231 1749 7
1280 1681 1346 1746 di
1392 1690 1614 1766 agosto
1662 1682 1765 1747 del
1819 1692 2006 1750 1535.
2932 1684 3078 1752 Auo·
3121 1687 3157 1737 '7

242 1916 400 1985 187.
508 1916 787 1997 Ver-yerio
844 1937 933 1979 an
979 1914 1322 1979 Riealcati:
1377 1914 1605 1979 aethere
1649 1915 2136 1997 Mittheilunyen
2194 1916 2288 1979 bis
2341 1937 2459 1980 zur
2504 1916 2800 1997 Anhunt't
2843 1916 2915 1979 ‚gn
2932 1916 3080 1984 Any.
3120 1919 3154 1969 7

245 2023 564 2105 anbery
620 2022 987 2086 versclwben.
1082 2022 1492 2104 Einsenduny
1552 2043 1668 2086 von
1723 2044 1819 2086 nr.
1886 2024 2005 2085 186
2060 2022 2177 2085 mit
2235 2022 2353 2086 (len
2398 2023 2763 2086 Antworten
2808 2024 2915 2086 der

245 2129 653 2211 Psalzyrafen
701 2128 954 2209 Philam
997 2128 1135 2192 und
1165 2128 1492 2191 Friedrich
1534 2129 1671 2191 und
1714 2129 1820 2191 des
1850 2128 2266 2210 Markyraf'en
2305 2129 2503 2210 Geor-y
2548 2151 2661 2192 von
2698 2129 2914 2193 Bran-

161 2242 226 2296 15
244 2238 538 2318 denbury.
638 2235 1099 2317 Genuythuunq
1168 2235 1315 2298 iiber
1387 2235 1488 2298 die
1546 2235 1842 2316 Fassuny
1910 2236 2017 2297 der
2077 2235 2367 2298 Antioort
2436 2236 2543 2298 des
2619 2236 2914 2299 Ietzteren.

247 2342 430 2406 Bitte
473 2365 583 2406 um
632 2340 1197 2406 Subsistenzmittel.
1289 2345 1450 2405 1535
1496 2341 1749 2422 Auyust
1796 2345 1837 2403 '7
1889 2341 2231 2421 Nilmbery.

393 2485 517 2539 Aue
553 2482 709 2550 Rorn,
749 2483 891 2538 Bibz.
936 2484 1058 2537 Vat.
1096 2482 1226 2538 cod.
1269 2483 1390 2538 Vat.
1430 2483 1572 2537 3914
1609 2482 1704 2537 fol.
1741 2483 1885 2537 224¹>
1909 2483 2100 2536 -2252
2138 2484 2267 2551 001).
2307 2500 2484 2538 coaevi.

430 2608 505 2673 Io
550 2609 633 2674 ho
680 2610 902 2674 scritto
946 2606 1252 2694 l'alligata
1295 2608 1485 2673 lettra
1531 2630 1645 2694 per
1690 2607 1807 2673 dar
1851 2609 1962 2693 piu
2010 2607 2225 2672 chiara
2289 2607 2703 2693 intelligentia
2752 2608 2916 2673 delle

247 2740 400 2782 cose
443 2718 625 2800 gravi
671 2725 739 2781 et
795 2718 1159 2801 importanti
1220 2714 1385 2780 ch'io
1432 2715 1514 2778 ho
1559 2723 1820 2779 trattate
1866 2715 1967 2780 col
2012 2714 2336 2780 marchese
2353 2764 2370 2793 ‚
2425 2724 2489 2778 et
2534 2737 2803 2802 sperava
2851 2715 2917 2780 di

162 2824 496 2910 20poterle
540 2823 697 2887 hora
742 2825 1021 2887 scrivere
1055 2831 1120 2885 et
1148 2820 1470 2886 mandarle
1502 2822 1764 2885 insieme
1780 2847 1798 2902 3
1845 2844 1947 2884 ma
1994 2821 2287 2885 havendo
2329 2824 2391 2885 io
2427 2846 2464 2886 a
2496 2825 2695 2907 partir
2724 2823 2913 2907 hoggi

249 2930 334 2995 da
381 2929 818 3014 Noremberga
864 2939 930 2993 et
976 2928 1246 2993 essendo
1292 2936 1604 3014 occupato
1651 2926 1734 2992 da
1780 2929 2005 2993 alcune
2052 2930 2412 3006 visitation,
2460 2951 2581 2990 non
2632 2936 2665 2991 e
2711 2933 2918 3013 possi-

248 3037 382 3102 bile
428 3035 594 3100 ch'io
642 3036 701 3099 10
747 3036 989 3115 faccia3
1036 3058 1152 3121 per
1196 3036 1258 3099 la
1303 3036 1453 3120 qual
1499 3058 1651 3099 cosa
1696 3034 1779 3097 ho
1825 3046 2092 3121 pensato
2140 3033 2208 3098 di
2255 3034 2500 3098 differir
2547 3058 2583 3098 a
2616 3034 2915 3099 scriverlc

251 3144 510 3231 quando
568 3146 632 3207 io
691 3148 833 3207 saro
893 3145 954 3206 in
1016 3142 1372 3225 Bamberga
1403 3144 1479 3223 ¹),
1539 3141 1748 3206 donde
1807 3147 1991 3227 potro
2053 3142 2292 3206 61161101·
2349 3145 2460 3226 piu
2518 3144 2915 3227 pienamentc

250 3252 445 3329 farln,
503 3248 794 3314 havendo
841 3248 1150 3314 conferito
1197 3249 1298 3313 col
1343 3249 1504 3313 Rev.
1565 3270 1845 3313 vescovo
1863 3298 1878 3327 ,
1938 3248 2056 3313 che
2102 3254 2135 3310 e
2183 3248 2228 3311 il
2275 3270 2436 3332 capo
2484 3249 2916 3313 ecclesiastico

166 3364 234 3417 25
251 3357 360 3422 del
408 3355 751 3419 medesimo
796 3356 1028 3419 circolo
1075 3355 1486 3420 FranconicO.
1578 3364 1643 3417 et
1687 3353 1919 3418 mando
1976 3356 2081 3418 via
2127 3353 2354 3419 adesso
2401 3363 2623 3440 queste
2671 3354 2788 3419 che
2836 3354 2915 3417 ho

251 3466 493 3540 scritto,
538 3485 658 3526 con
705 3461 762 3525 le
809 3461 1060 3545 alligat-e
1108 3461 1171 3525 di
1221 3470 1314 3524 tre
1361 3483 1516 3545 gran
1571 3463 1844 3547 principi
1892 3460 2189 3546 Philippo
2252 3470 2311 3523 et
2362 3459 2685 3524 Friderico
2734 3460 2918 3524 Pala-

253 3572 391 3633 tino
437 3578 496 3631 et
545 3566 823 3651 Georgio
869 3565 1435 3652 Brandeburgense
1465 3570 1529 3649 ²).
1621 3590 1659 3631 a
1717 3570 1923 3652 questi
1984 3566 2106 3631 dne
2167 3574 2201 3631 6
2268 3570 2626 3630 necessario
2672 3571 2917 3653 11611011-

404 3818 446 3889 ¹)
484 3819 542 3873 S.
579 3824 753 3873 umen
785 3835 871 3871 nr.
913 3820 1036 3871 189.

402 3907 445 3974 ²)
486 3907 791 3977 Psalzyras
817 3907 1051 3975 Philipp
1106 3907 1338 3962 schreibt
1392 3925 1482 3961 am
1531 3910 1565 3960 4
1604 3908 1824 3975 Auyust
1872 3922 1936 3960 ex
1993 3923 2120 3961 arce
2176 3914 2364 3961 nostra
2400 3906 2918 3978 Burgklengenveld

171 3997 237 4051 30
255 3999 342 4067 [in
381 3997 478 4052 der
499 3995 835 4064 Oberpfalzl:
872 3995 1060 4050 Rediit
1087 4014 1304 4050 rursum
1332 3996 1402 4049 ad
1439 4013 1539 4050 nos
1568 3994 1892 4050 sanctitatis
1912 3995 2144 4051 Vestrae
2182 3996 2409 4049 nuntius
2445 3995 2697 4049 dominus
2722 3995 2919 4050 Petrus

258 4087 470 4142 Paulus
507 4085 822 4155 Vei-getius,
878 4085 971 4155 qui
1029 4092 1154 4154 post
1208 4084 1527 4154 diligentem
1583 4101 1738 4138 suam
1795 4084 2220 4139 admonitionem
2277 4102 2388 4154 qua
2424 4101 2523 4139 nos
2560 4084 2632 4138 ad
2668 4084 2917 4138 futurum

256 4176 552 4231 concilium
590 4174 925 4241 exhortatur,
963 4174 1206 4243 ejusdem
1244 4172 1569 4228 sanctitat-is
1605 4173 1838 4229 Vestrae
1887 4173 2076 4229 literas
2110 4172 2360 4227 exhibuit
2404 4172 2608 4243 quibus
2646 4174 2699 4227 id
2736 4174 2917 4243 ipsum

259 4280 478 4336 quoque
515 4262 795 4317 Sanctitas
833 4262 1034 4317 Vestra
1069 4262 1204 4333 agit,
1241 4278 1435 4332 nempe
1472 4269 1535 4317 ut
1574 4263 1626 4315 in
1665 4279 1732 4317 ea
1782 4280 1944 4333 quam
1998 4280 2062 4316 cx
2110 4262 2370 4333 proximis
2420 4263 2622 4316 nostris
2672 4264 2919 4332 percepit

258 4354 432 4408 literis
471 4350 557 4423 [d.
595 4354 632 4406 i.
672 4351 769 4405 der
803 4352 979 4418 Brief
1006 4351 1121 4417 auf
1150 4352 1256 4405 den
1293 4352 1393 4406 das
1429 4353 1493 4405 in
1529 4368 1614 4405 nr.
1646 4354 1753 4405 169
1798 4352 2141 4422 mitqetheilte
2177 4352 2354 4406 Breve
2403 4351 2492 4404 die
2528 4353 2781 4405 Antwort
2818 4352 2917 4404 bil-

175 4442 242 4496 35
261 4441 411 4512 dete]
447 4443 657 4512 pietate
674 4442 1049 4511 persistamus.
1125 4440 1243 4495 We
1281 4457 1339 4494 er
1376 4441 1506 4494 aber
1523 4441 1688 4495 sehon
1727 4442 1910 4509 ldnyst
1945 4442 2054 4507 auf
2070 4441 2438 4511 Reichstayen
2475 4440 2595 4493 und
2633 4439 2919 4494 anderswo

260 4533 356 4598 fiir
392 4531 497 4585 das
532 4531 726 4585 Com-il
755 4530 982 4599 gewirkt
1018 4531 1170 4597 habe,
1206 4547 1266 4585 80
1301 4530 1475 4585 werde
1512 4531 1600 4583 die
1630 4529 1853 4597 Kunde,
1892 4526 2010 4598 dass
2046 4530 2142 4583 der
2171 4529 2345 4597 Papst
2382 4529 2470 4583 die
2498 4529 2921 4598 Anyeleyenheit

262 4620 536 4675 desselben
569 4620 842 4674 nmmeha·
856 4619 1289 4674 nachdrt'icklich
1308 4619 1557 4685 betreibe,
1594 4621 1783 4674 seinen
1800 4617 1969 4684 Eit'er
2002 4635 2113 4673 nur
2147 4636 2240 4672 um
2277 4634 2335 4671 so
2370 4618 2521 4671 mehr
2557 4618 2917 4685 entfiamnaen.

262 4709 382 4763 Der
417 4708 593 4779 Papst
630 4709 759 4762 aber
807 4714 954 4779 ηιόρε
996 4708 1103 4762 das
1139 4709 1464 4777 Beyonnene
1500 4726 1569 4762 zu
1609 4708 1775 4761 Ende
1823 4706 2050 4772 tiihren:
2099 4709 2311 4776 yelinqe
2360 4724 2414 4760 es
2468 4707 2580 4759 ihm
2628 4707 2781 4759 nicht
2819 4707 2920 4760 das

265 4797 455 4857 concil
485 4815 558 4853 zu
591 4796 802 4854 Sumde
835 4815 905 4852 zu
942 4799 1187 4869 maweu,
1226 4798 1524 4852 timendum
1563 4798 1668 4853 erit
1705 4813 1773 4851 ne
1811 4814 1933 4851 sero
1984 4797 2201 4852 tandem
2240 4814 2364 4852 cum
2405 4813 2608 4868 magna
2645 4802 2761 4851 tum
2800 4795 2921 4851 reli-
