3500 5300
1251 283 1350 340 No.
1387 286 1487 340 26:
1528 282 1663 340 1537
1701 282 1848 339 Mitrz
1874 283 1926 339 5.
2818 277 2919 341 121

261 482 431 565 Pray
442 503 466 561 ‚·
509 481 747 548 weitere
793 481 1023 547 Reisen
1063 482 1329 564 yeplant.
1421 481 1712 559 Moronc,
1760 482 1967 545 diesen
2012 479 2536 563 Austrenyunyen
2593 479 2765 543 nicht
2818 500 2920 561 93-
2976 482 3119 532 1537

256 589 555 667 mach-sen,
600 589 775 653 bittet
817 610 925 652 wm
965 589 1313 670 Ersctzuny
1358 588 1554 652 durch
1598 589 1732 652 eine
1772 588 2138 670 yceiynctere
2165 586 2664 652 Perso'nlichkeit.
2756 590 2923 650 1537
2940 550 3081 604 Μ’Ὲ·
3118 554 3152 603 ⁵

257 695 455 761 Mdrz
500 699 539 761 5
580 694 770 779 Praq.

404 840 529 893 Ans
567 836 809 906 Neapez,
859 836 1092 892 Grande
1127 837 1392 893 Archivio
1429 834 1593 893 carte
1631 836 1963 892 Parnesiane
2001 836 2159 891 Fasc.
2202 837 2304 890 749
2360 835 2537 905 Oriy„
2587 835 2926 904 beschddiqt;

202 932 240 985 5
471 928 538 981 in
571 943 721 982 verso
759 926 1025 983 Ricevute
1061 926 1158 980 alli
1202 927 1262 980 14
1300 926 1547 996 d’aprile.

437 1069 524 1133 A]
579 1068 799 1132 ultimo
857 1067 962 1132 del
1021 1076 1277 1153 passato
1337 1076 1563 1152 questo
1623 1067 1811 1132 Ser¹¹¹⁰
1869 1089 1939 1131 re
1997 1066 2139 1132 fece
2206 1066 2498 1132 l’cntrata
2566 1070 2633 1131 in
2700 1077 2923 1151 questa
2944 1068 3084 1123 Fbr.
3121 1072 3201 1127 28

257 1177 416 1240 citta
461 1185 525 1241 et
570 1172 659 1239 s’e
707 1173 858 1239 dato
905 1196 1100 1259 opera
1147 1198 1184 1238 a
1228 1195 1582 1240 convocare
1641 1174 1688 1238 li
1734 1174 1953 1238 baroni
2002 1173 2105 1238 del
2152 1196 2348 1259 regno
2394 1196 2507 1259 per
2552 1173 2834 1238 stabilire
2879 1174 2924 1236 il

258 1303 557 1348 soccorso
603 1330 617 1345 .
664 1330 679 1345 .
726 1330 740 1344 .
787 1303 825 1345 a
871 1279 988 1345 dar
1031 1283 1100 1345 in
1146 1292 1377 1345 evento
1423 1280 1574 1347 ch'il
1618 1281 1850 1359 Turc0,
1895 1302 2075 1346 come
2122 1283 2178 1345 si
2208 1280 2415 1359 crede,
2460 1280 2676 1345 mandi
2724 1302 2925 1344 esser-

257 1389 387 1453 cito
434 1390 501 1452 in
533 1386 820 1472 Ungaria
850 1436 864 1450 .
898 1437 911 1451 .
944 1392 1015 1469 .⁸)
1065 1391 1400 1472 seguirano
1445 1388 1510 1452 la
1554 1386 2009 1453 deliberatione
2057 1386 2227 1473 degli
2274 1388 2417 1451 altri
2448 1386 2514 1451 di
2562 1387 2700 1452 fare
2746 1396 2924 1452 tanto

163 1510 240 1565 10
257 1502 495 1580 quanto
561 1494 637 1559 fu
705 1494 869 1558 fatto
937 1495 1039 1558 nel
1108 1503 1224 1573 32,
1292 1493 1592 1579 q[uando]
1661 1493 2082 1580 l’imperatore
2142 1497 2196 1559 si
2254 1499 2439 1559 trovo
2500 1504 2789 1579 presente
2857 1496 2923 1557 in

257 1608 482 1686 queste
527 1603 709 1687 parti.

436 1706 538 1771 De
584 1708 648 1772 18
693 1706 866 1773 dieta
911 1706 991 1772 de
1037 1706 1388 1773 Lutherani
1434 1706 1615 1772 sin’al
1661 1705 1729 1771 d]
1787 1705 2043 1792 d'hoggi
2077 1706 2207 1771 Sua
2238 1707 2490 1771 Maesta
2536 1705 2704 1772 m’ha
2748 1705 2924 1771 detto

255 1834 387 1879 non
417 1813 652 1879 havere
682 1816 888 1879 inteso
919 1815 1098 1893 altro,
1145 1824 1207 1877 et
1255 1816 1440 1878 stima
1471 1812 1824 1879 c’havendo
1871 1817 1999 1879 essi
2046 1837 2083 1878 a
2126 1822 2385 1878 trattare
2431 1816 2635 1899 prima
2682 1814 2729 1877 il
2773 1835 2925 1879 con-

257 1928 435 1985 certo
481 1921 562 1986 de
605 1921 671 1986 18
716 1921 865 1986 fede
910 1930 1008 1986 tra
1052 1921 1218 1999 loro,
1285 1942 1365 1985 ne
1419 1921 1481 1984 la
1539 1921 1727 2006 quale
1789 1943 1914 1985 non
1962 1918 2229 1985 essendo
2275 1923 2481 1985 verita
2525 1921 2753 1985 alcuna
2797 1923 2924 1985 mai

161 2027 323 2098 15la
368 2035 679 2113 potranno
747 2029 1083 2107 riti-ovare,
1142 2025 1332 2113 dapoi
1390 2027 1455 2091 18
1509 2030 1784 2113 risposta
1851 2026 1956 2091 del
2024 2027 2295 2093 concilio
2364 2036 2427 2091 et
2494 2027 2923 2092 ultimamentc

257 2134 324 2199 la
369 2136 850 2200 conservatione
904 2133 985 2198 de
1051 2134 1116 2198 18
1160 2156 1320 2219 pace
1379 2133 1460 2198 de
1505 2133 1567 2197 18
1613 2133 1995 2213 Germania,
2047 2156 2174 2198 non
2242 2136 2298 2197 si
2367 2134 2758 2198 risolverano
2825 2135 2925 2198 sin

258 2240 322 2305 al
388 2241 510 2305 fine
575 2239 657 2305 de
722 2240 787 2305 la
851 2239 1351 2327 quadragesima„
1426 2263 1530 2305 ma
1582 2239 1712 2304 Sua
1766 2241 2021 2306 Maesta
2064 2248 2301 2305 mostra
2368 2241 2599 2305 havere
2654 2241 2925 2326 qualche

258 2347 549 2432 migliore
595 2369 903 2433 speranza
949 2346 1016 2411 di
1061 2348 1271 2432 quello
1320 2345 1613 2412 c'habbia
1655 2346 1897 2414 havuto
1945 2370 2059 2433 per
2103 2348 2150 2411 il
2195 2347 2517 2433 p[assato].

439 2452 543 2517 De
587 2454 650 2518 le
695 2475 844 2520 cose
890 2452 1352 2538 d'Inghelterra
1396 2453 1841 2519 anchorach’io
1888 2456 2114 2540 sappia
2168 2453 2299 2519 Sua
2353 2453 2602 2518 88111118
2648 2454 2925 2519 haverne

164 2577 242 2630 20
258 2559 512 2643 miglior
570 2562 797 2646 [avisoJ
867 2559 970 2626 del
1039 2564 1199 2641 mi0,
1266 2560 1649 2626 nondimeno
1696 2560 1829 2625 Sua
1873 2561 2126 2626 Maesta
2182 2561 2351 2625 m’ha
2398 2560 2574 2625 detto
2629 2560 2749 2625 che
2795 2562 2925 2624 tien

259 2688 379 2754 per
445 2666 646 2732 fermo
713 2667 833 2734 che
901 2690 942 2733 8
993 2677 1218 2753 questo
1276 2678 1492 2755 tempo
1548 2669 1596 2733 11
1651 2669 1868 2755 popoli
1914 2667 2184 2734 un’altra
2230 2668 2404 2733 volta
2448 2671 2841 2733 ritornarano
2888 2692 2926 2733 a

258 2772 479 2839 l'arme
523 2784 745 2840 contra
789 2774 836 2839 il
880 2796 949 2839 re
963 2824 981 2856 ‚
1043 2775 1321 2861 [perche]
1379 2797 1508 2840 non
1565 2778 1621 2840 si
1681 2797 1841 2840 sono
1887 2778 2134 2862 possuti
2181 2774 2521 2840 accordare
2568 2797 2645 2839 ne
2691 2775 2735 2839 li
2782 2761 2926 2861 capi

260 2881 617 2967 principali,
662 2890 728 2945 et
772 2880 904 2947 Sua
947 2880 1203 2946 Maesta
1259 2881 1430 2947 m’ha
1487 2881 1873 2947 domandata
1930 2880 2045 2946 s'io
2091 2904 2331 2968 sapeva
2376 2904 2491 2967 per
2536 2882 2683 2967 quel
2728 2884 2835 2946 via
2881 2882 2926 2945 il

262 2986 392 3050 ΒΜ
440 2986 762 3053 cardinale
807 2987 968 3052 Polo
1034 2988 1213 3053 fosse
1282 3010 1395 3074 per
1453 3010 1715 3075 passare
1774 2991 1843 3054 in
1886 2989 1943 3054 F
1946 2988 2183 3054 iandra.
2275 2995 2418 3054 sara
2463 2987 2626 3053 bene
2672 2988 2790 3053 che
2836 2986 2925 3053 V.

166 3110 241 3165 25
263 3092 329 3159 S.
377 3096 473 3159 sia
517 3101 815 3160 contenta
874 3094 1174 3160 darmene
1227 3095 1496 3180 qualche
1543 3098 1744 3176 aviso,
1791 3095 2023 3181 perche
2067 3118 2267 3181 penso
2314 3145 2329 3159 .
2377 3144 2390 3158 .
2438 3144 2452 3158 .
2509 3096 2600 3160 lui
2654 3116 2926 3160 von-ano

263 3199 574 3266 honorare
619 3201 682 3265 18
726 3201 878 3266 sede
925 3202 1290 3287 apostolica.

442 3307 687 3372 Mando
732 3330 770 3373 8
815 3307 903 3374 V.
951 3307 1016 3373 S.
1061 3307 1373 3374 l'articulo
1420 3308 1500 3374 de
1545 3309 1611 3374 18
1654 3317 1807 3374 taxa
1851 3308 2015 3374 satta
2060 3332 2099 3374 a
2132 3310 2188 3374 vli
2243 3309 2559 3374 sacerdoti
2607 3308 2850 3394 Ungari
2884 3313 2925 3390 ¹)

263 3436 387 3479 con
431 3414 497 3479 18
539 3414 765 3479 lettera
811 3414 998 3501 [c’ha]
1045 3418 1267 3480 scritto
1314 3415 1770 3481 l’arcivescovo
1815 3416 1882 3482 di
1925 3415 2245 3502 Strigonia
2289 3438 2478 3501 sopra
2523 3425 2750 3502 questa
2793 3439 2927 3482 ma-

261 3523 426 3586 teria
452 3524 529 3604 2),
587 3529 652 3586 et
708 3544 824 3608 per
880 3524 1086 3587 evitar
1141 3521 1446 3587 scandolo
1503 3524 1800 3587 massime
1860 3526 1926 3587 in
1984 3545 2112 3587 uua
2170 3546 2363 3588 causa
2421 3529 2557 3587 00οῘ
2603 3525 2816 3609 giusta
2861 3525 2926 3587 in

165 3645 620 3713 mapparenza
665 3650 780 3714 per
820 3632 1081 3694 resistet
1124 3629 1184 3694 al
1233 3628 1490 3715 [Turco]
1507 3679 1525 3709 ,
1579 3632 1769 3694 stimo
1813 3632 1908 3694 sia
1954 3629 2114 3694 bene
2159 3652 2274 3716 per
2318 3632 2799 3695 conservatione
2846 3629 2925 3694 de

260 3732 610 3799 l’auttorita
653 3733 734 3799 de
781 3735 843 3801 18
886 3736 1040 3801 00(Ιο
1087 3737 1457 3822 apostolica,
1502 3758 1693 3800 senza
1735 3736 1798 3800 la
1842 3737 2028 3821 quale
2074 3736 2247 3800 forse
2291 3735 2643 3801 sarebbeno
2688 3737 2751 3802 18
2795 3759 2928 3801 me-

407 3951 452 4002 8)
481 3949 593 3990 Elem
629 3961 682 3990 a·
717 3948 920 4001 erminzeu
957 3948 1161 3991 stabilire
1198 3950 1231 3991 il
1272 3961 1471 3992 soccorso
1508 3949 1590 3992 che
1630 3949 1668 3991 si
1706 3950 1895 3991 have-se
1933 3962 1961 3990 8
1988 3950 2067 3992 dar
2094 3972 2145 3982 —-
2175 3950 2221 3992 lu
2249 3949 2464 4002 Ungula,
2510 3953 2556 3992 et
2601 3950 2641 3992 sl
2677 3952 2803 3993 crede
2844 3951 2926 3994 che

261 4021 411 4071 qne-ti
442 4020 588 4062 baroni
618 4022 694 4063 otc.

411 4127 456 4200 ¹)
493 4127 654 4199 Lieqt
690 4128 790 4197 bei,
827 4129 1235 4185 abenclm'eben
1263 4129 1551 4186 Articulus
1587 4129 1656 4184 de
1691 4136 1822 4185 taxa
1848 4129 2187 4201 presbyteris
2222 4130 2495 4203 imposita.
2561 4129 2681 4186 Dor
2708 4130 2929 4187 Artikel

166 4243 242 4297 35
264 4220 442 4275 laniet
462 4237 480 4272 .·
518 4217 750 4273 Plebani
788 4236 854 4273 80
893 4218 1226 4290 capellarum
1266 4227 1322 4273 et
1358 4219 1616 4272 altarium
1673 4227 1914 4274 rectores
1963 4237 2063 4291 per
2098 4227 2284 4275 ternos
2322 4219 2558 4277 florenos
2594 4222 2700 4277 hoc
2736 4222 2927 4277 ordine

262 4310 437 4365 taxati
476 4317 606 4364 sunt
641 4317 706 4363 ut
743 4308 846 4379 ipsi
900 4324 996 4379 per
1032 4308 1568 4363 vicearchidiaconos
1617 4326 1802 4363 coram
1839 4309 2179 4364 dicator-ibus
2229 4310 2300 4364 ad
2351 4310 2407 4365 id
2459 4311 2514 4365 in
2551 4311 2924 4367 testimonium

260 4398 531 4454 adhibitis
580 4407 826 4468 tempore
876 4399 1375 4453 connumerationis
1425 4397 1697 4469 generalis
1747 4397 2172 4454 contributionis
2221 4416 2408 4455 omnes
2454 4407 2511 4455 et
2557 4399 2759 4470 singuli
2798 4417 2923 4456 008·

260 4486 604 4557 scribantur,
659 4487 853 4542 deinde
903 4486 1097 4542 habita
1133 4486 1424 4558 superinde
1462 4487 1863 4543 conscientiosa
1911 4488 2237 4543 limitatione
2283 4489 2576 4544 eorundem
2627 4489 2922 4545 vicearchi-

260 4578 618 4632 diaconorum
649 4578 810 4648 juxta
845 4576 1169 4632 facultatem
1207 4577 1443 4648 quisque
1479 4576 1688 4632 solvere
1725 4594 1825 4648 per
1860 4577 2043 4632 omnia
2078 4579 2319 4633 remedia
2355 4579 2729 4651 compellatur.

168 4671 243 4726 40
412 4666 458 4740 ¹)
497 4666 814 4738 Anqefflhrt
852 4667 988 4722 oben
1022 4682 1092 4721 zu
1128 4683 1213 4722 nr.
1250 4670 1342 4721 23.
