3500 5300
1063 307 1161 362 No.
1202 308 1333 362 132:
1372 308 1514 362 1535
1549 308 1692 361 Mara
1729 307 2033 378 ein—April
2067 310 2117 362 3.
2817 306 2923 367 848

252 507 403 589 quia
462 506 717 569 interim
776 525 895 588 ego
941 506 1131 569 etiam
1196 504 1541 569 scriberem
1586 503 1669 568 ad
1729 505 2095 591 pontificem
2157 507 2520 591 opinionem
2579 529 2784 570 meam
2843 506 2923 570 de
3033 511 3173 561 1535

252 611 396 674 loco
442 610 738 675 Tridenti
767 613 830 692 ¹).
2945 577 3119 686 [ΜΨ
3151 577 3264 650 ⁶³2]

431 716 759 794 Quantum
807 740 960 783 vero
1022 716 1105 782 ad
1163 720 1492 782 materiam
1553 717 1909 802 Ungui-iae,
1969 729 2241 805 expecto
2297 722 2461 783 scire
2521 742 2601 783 an
2659 719 2924 784 debeam

252 824 534 888 scribere
576 824 845 889 Romam
891 833 961 888 ut
1006 824 1163 889 mihi
1207 827 1540 888 mittantur
1584 825 1833 904 breveS,
1881 836 1952 889 ut
1981 828 2222 910 possim
2268 833 2539 890 tractare
2586 848 2732 890 cum
2762 825 2926 891 Vai-

201 940 234 993 5
253 930 545 1010 vodani5‚
590 934 862 996 maxime
908 953 1101 1016 quum
1148 929 1382 996 debeat
1425 930 1633 996 redire
1683 941 1897 995 orator
1941 929 2307 998 Voivodae.

430 1037 523 1102 Et
568 1061 648 1103 an
695 1037 962 1104 debeam
1008 1060 1126 1122 ego
1173 1037 1411 1123 aliquid
1455 1038 1733 1103 scribere
1781 1038 2067 1102 RorariO.

251 1256 317 1337 c)
379 1252 679 1335 Verqerio
709 1272 799 1316 an
829 1251 916 1316 K.
949 1250 1368 1316 Ferdinand:
1414 1252 1527 1316 hat
1571 1253 1703 1334 auf
1722 1252 1958 1334 Befehl
2001 1253 2111 1316 des
2156 1251 2411 1334 Ko'niqs
2455 1254 2599 1317 sein
2644 1252 2926 1335 heutiyes
2947 1253 3083 1322 APr·
3121 1259 3158 1308 3

251 1359 637 1441 Anbrinyen
684 1360 754 1423 in
814 1359 929 1424 der
981 1357 1416 1423 Conciksache
1474 1359 1834 1439 schriftlich
1891 1359 2340 1440 niederyesetzt
2383 1360 2499 1424 btr.
2547 1358 2925 1442 Einholuny

254 1467 367 1530 der
413 1466 737 1549 Meinuny
783 1466 890 1530 des
935 1466 1233 1544 KaiserS,
1295 1464 1581 1547 Beiyabe
1639 1467 1812 1530 eines
1871 1466 2270 1548 kbniylichen
2323 1466 2590 1532 Orators
2650 1465 2748 1530 als
2794 1465 2924 1531 Be·

174 1583 237 1634 10
249 1572 506 1654 yleiters
552 1572 661 1637 des
690 1572 985 1638 Nuntius
1014 1573 1216 1638 durch
1247 1571 1705 1650 Deutschland,
1738 1572 2172 1655 Fanpfekluny
2207 1574 2461 1638 Trients
2507 1572 2608 1637 als
2645 1571 2924 1639 Concils-

252 1686 415 1744 ortes
446 1680 610 1744 beim
634 1678 855 1760 Papst,
888 1678 1227 1745 Schreiben
1249 1679 1338 1744 K.
1364 1679 1781 1744 Ferdinands
1806 1700 1895 1744 an
1921 1680 2042 1744 den
2074 1679 2372 1758 laeter-en,
2415 1680 2927 1763 Verstdndiqunq

416 1787 532 1851 der
576 1787 906 1851 deutschen
950 1785 1231 1852 Fiirsten
1276 1785 1475 1851 durch
1521 1787 1643 1851 den
1676 1787 1905 1868 Ko'm‘y.
1998 1787 2162 1850 1535
2208 1786 2409 1867 April
2453 1791 2496 1849 3
2557 1786 2761 1852 Wien.

394 1931 522 1984 Aua
570 1929 823 1999 Venediq,
862 1930 1008 1984 Bibl.
1045 1930 1229 1985 Marc.
1267 1929 1362 1984 lat.
1402 1929 1469 1984 cl.
1492 1929 1578 1983 IX
1615 1929 1733 1984 cod.
1776 1931 1842 1984 67
1881 1929 1974 1984 fol.
2012 1930 2303 1984 522—532*
2344 1930 2504 1985 Cone.

435 2053 872 2117 Seremissime
919 2062 985 2117 et
1029 2056 1445 2119 invictissime
1491 2077 1605 2118 rex
1653 2065 1717 2118 et
1764 2053 2038 2134 domine,
2085 2053 2339 2119 domine
2384 2055 2855 2136 gratiosissime.

176 2169 236 2221 15
430 2159 732 2245 Propono
777 2160 883 2224 hic
928 2161 1209 2226 breviter
1252 2163 1318 2225 in
1364 2164 1618 2247 scriptis
1663 2163 1845 2246 jussu
1873 2159 2153 2227 Vestrae
2195 2160 2523 2246 Majestati
2569 2161 2809 2246 Regiae
2841 2161 2924 2226 'id

254 2265 425 2351 quod
469 2265 663 2331 hodie
719 2274 1010 2332 oretenus
1057 2267 1189 2332 dixi
1247 2270 1310 2331 in
1371 2270 1637 2332 materia
1697 2268 1983 2345 concilii,
2043 2276 2106 2331 et
2164 2268 2457 2353 supplico
2517 2278 2589 2332 ut
2632 2267 2925 2352 dignetur

256 2373 403 2437 mihi
453 2376 584 2437 cito
630 2374 1082 2438 resolutionem
1127 2372 1299 2453 dare,
1343 2377 1493 2460 quia
1537 2377 1804 2438 materia
1850 2383 1949 2438 est
1995 2376 2250 2438 maximi
2299 2378 2619 2439 momenti.

429 2480 735 2546 Tractavi
780 2479 1046 2545 eandem
1093 2484 1422 2546 materiam
1468 2504 1584 2567 per
1627 2482 1859 2545 multos
1907 2479 2044 2544 dies
2093 2490 2158 2545 et
2203 2479 2285 2545 de
2331 2484 2474 2566 ipsa
2519 2482 2656 2546 sola
2709 2484 2921 2566 cogito

255 2595 317 2651 et
362 2586 637 2673 denique
680 2587 896 2675 judico
942 2587 1114 2674 quod
1160 2591 1251 2653 ita
1295 2587 1459 2652 forte
1508 2596 1679 2653 esset
1724 2586 2054 2672 dirigenda
2101 2588 2335 2670 (multis
2368 2586 2450 2653 de
2491 2590 2719 2668 causis,
2764 2611 2921 2674 quas

176 2703 470 2759 20omnes
517 2693 708 2759 modo
753 2695 858 2759 hic
902 2717 1031 2759 non
1077 2717 1527 2773 commemoro,
1571 2694 1688 2759 sed
1734 2717 1949 2759 coram
2008 2697 2522 2776 commemoravi)
2569 2703 2641 2758 ut
2681 2695 2923 2760 Vestra

258 2800 455 2885 Regia
502 2801 810 2887 Majestas
869 2802 1175 2867 scriberet
1219 2801 1301 2867 ad
1349 2801 1691 2866 Cesaream
1751 2802 2162 2887 Majestatem
2218 2800 2390 2887 quod
2437 2824 2554 2884 ego
2600 2801 2724 2866 huc
2772 2805 2918 2866 veni

256 2930 395 2972 cum
422 2908 546 2974 hac
576 2911 840 2973 materia
872 2908 1088 2992 ardua,
1121 2918 1185 2973 et
1226 2909 1608 2993 significaret
1638 2909 1812 2972 locos
1846 2919 1913 2974 et
1940 2907 2198 2972 modum
2229 2932 2346 2994 per
2375 2930 2475 2973 me
2507 2912 2920 2996 propositum,

257 3023 315 3077 et
361 3024 609 3101 peteret
652 3024 724 3079 ut
753 3015 1063 3101 Majestas
1111 3015 1243 3081 Sua
1290 3016 1597 3080 scriberet
1641 3038 1836 3100 super
1879 3014 1977 3079 his
2025 3037 2202 3079 suam
2247 3015 2498 3079 finalem
2538 3017 2918 3101 opinionem.

430 3121 518 3185 Et
576 3124 628 3186 si
690 3122 1017 3208 placerent
1075 3121 1243 3187 Suae
1303 3120 1656 3187 Caesareae
1702 3122 2030 3207 Majestati
2094 3145 2170 3186 ea
2216 3144 2379 3206 quae
2435 3144 2552 3205 ego
2612 3125 2916 3208 proposui

174 3232 504 3292 25nomiue
537 3228 729 3294 sauma
767 3228 1032 3294 Domini
1061 3228 1282 3294 Nostri
1328 3231 1393 3293 in
1440 3230 1553 3294 tali
1599 3231 1880 3308 materia,
1927 3238 1998 3292 ut
2044 3237 2214 3293 esset
2244 3236 2544 3293 contenta
2573 3227 2917 3314 adjungere

254 3358 446 3399 unum
476 3358 660 3400 suum
692 3344 1007 3401 oratorem
1036 3339 1143 3421 qui
1176 3358 1425 3401 mecum
1459 3339 1708 3401 veniret
1735 3359 1852 3422 per
1874 3333 2283 3400 Germaniam
2313 3357 2430 3420 pro
2461 3336 2699 3420 majore
2729 3358 2918 3422 repu-

255 3447 489 3507 tatione
548 3445 730 3507 istius
797 3445 1211 3527 gravissimae
1283 3445 1605 3508 materiae.
1696 3450 1867 3507 certe
1941 3444 2106 3508 enim
2166 3440 2547 3507 Germaniae
2593 3444 2915 3529 principes

257 3553 451 3633 magis
497 3549 1069 3615 commovebuntur
1115 3572 1190 3614 eo
1243 3548 1462 3629 mod0,
1508 3572 1697 3635 quam
1742 3553 1797 3614 si
1843 3550 2015 3614 solus
2061 3572 2178 3633 ego
2232 3548 2422 3614 modo
2475 3551 2630 3613 irem
2677 3547 2760 3613 ad
2806 3570 2914 3613 eos

257 3666 316 3718 et
364 3658 669 3721 nescirem
732 3656 855 3721 illis
902 3655 1117 3722 dicere
1177 3679 1489 3742 quaenam
1549 3660 1633 3721 sit
1687 3659 1903 3742 opinio
1957 3679 2151 3742 super
2204 3656 2301 3720 his
2347 3655 2516 3720 Suae
2553 3656 2914 3741 Maiestatis

175 3773 240 3826 30
257 3761 580 3829 Cesareae.

426 3870 683 3935 Interea
730 3892 885 3935 vero
930 3867 1083 3935 dum
1112 3869 1356 3938 Vestra
1385 3870 1587 3955 Regia
1619 3870 1928 3956 Majestas
1960 3870 2284 3947 scriberet,
2329 3891 2448 3953 ego
2488 3868 2569 3934 ad
2600 3891 2915 3933 summum

256 3977 607 4061 pontificem
654 3976 998 4042 scriberem
1045 3975 1357 4041 hortando
1405 3976 1599 4041 Suam
1647 3976 2067 4042 Sanctitatem
2111 3984 2183 4039 ut
2227 3975 2339 4041 det
2383 3975 2537 4040 mihi
2591 3976 2914 4040 licentiam

258 4082 644 4168 proponendi
690 4106 808 4169 pro
853 4084 997 4148 loeo
1037 4084 1289 4149 concilii
1323 4086 1652 4149 civitatem
1681 4083 2004 4163 Tridenti3
2052 4082 2433 4148 adducerem
2481 4085 2648 4149 enim
2695 4105 2910 4147 omnes

258 4192 521 4254 rationes
568 4213 732 4276 quae
779 4190 942 4254 forte
988 4199 1259 4276 possunt
1302 4189 1535 4255 adduci
1570 4200 1633 4254 et
1665 4199 2070 4276 expectarem
2102 4213 2496 4276 responsum,
2543 4188 2714 4275 quod
2746 4188 2910 4253 forte

177 4304 240 4357 35
258 4297 498 4361 veniret
539 4301 604 4361 iu
652 4295 877 4361 eodem
923 4306 1211 4383 tempore
1258 4321 1383 4382 quo
1430 4320 1807 4383 responsum
1854 4296 2171 4361 Cesareae
2219 4296 2598 4383 Maiestatis

430 4401 511 4466 Et
554 4407 605 4467 si
653 4402 898 4469 Vestra
942 4403 1251 4490 Majestas
1298 4404 1502 4488 Regia
1547 4404 1816 4468 forsitan
1876 4404 2053 4468 volet
2096 4406 2186 4468 ita
2231 4403 2533 4487 dirrigere
2586 4405 2907 4487 negotium

257 4510 438 4573 sicuti
484 4533 599 4594 ego
646 4510 802 4589 dixi,
847 4509 974 4575 duo
1020 4511 1143 4576 alia
1192 4519 1374 4576 erunt
1420 4510 1733 4590 facienda,
1779 4534 1973 4575 unum
2017 4519 2089 4574 ut
2133 4512 2272 4596 ipsa
2319 4510 2556 4574 scribat
2586 4509 2668 4574 ad
2701 4512 2906 4594 ipsum

400 4685 445 4754 ¹)
486 4689 598 4757 Vyl.
634 4706 721 4743 nr.
762 4692 882 4743 135.
