3500 5300
589 323 698 388 m
1690 330 1791 386 No.
1829 331 1931 386 1*:
1973 331 2125 388 1536.

395 524 537 578 1536
588 527 876 609 genitum
920 523 1216 592 Sathane.
1304 525 1504 591 refert
1546 524 1731 592 Beda
1786 548 1981 614 super
2034 525 2305 592 Joannis
2364 527 2696 615 epistolam
2743 536 2810 594 et
2852 527 3129 592 habetur
3173 530 3254 592 in

591 653 643 696 c.
688 635 894 698 omnis
943 642 1043 699 24.
1087 655 1148 720 q.
1200 644 1254 699 1.
1284 635 1347 715 1).

766 737 837 804 Si
883 748 1093 805 tamen
1139 742 1205 805 in
1259 739 1544 806 ferendis
1604 742 2203 807 excomunicationis
2262 742 2594 806 sententiis
2639 739 2798 806 illud
2855 740 3250 806 adhibeatur

586 846 991 912 moderamen
1048 846 1220 933 quod
1274 849 1340 911 in
1395 848 1590 935 priori
1648 849 2015 933 gravamine
2058 847 2409 928 retulimus,
2453 848 2727 914 cessabit
2774 855 2838 913 et
2881 847 3072 934 hujus
3119 870 3250 934 po-

589 954 871 1020 sterioris
918 953 1189 1041 querela.
3301 964 3338 1018 5

1417 1121 1519 1182 36.
1586 1113 1690 1180 De
1738 1115 1979 1181 illicitis
2026 1115 2400 1181 interdictis.

762 1220 971 1288 Unius
1016 1221 1274 1288 sceleris
1331 1242 1559 1308 penam
1616 1221 1700 1286 ad
1757 1222 1917 1287 alios
1963 1220 2343 1309 quandoque
2401 1222 2729 1287 transferri
2775 1224 2930 1288 satis
2977 1231 3244 1287 constat

583 1350 663 1393 ex
718 1349 795 1395 eo
849 1326 1023 1415 quod
1066 1327 1338 1394 habetur
1383 1338 1439 1395 3.
1483 1327 1640 1413 Reg.
1686 1350 1738 1392 c.
1787 1337 1888 1394 21.
1916 1330 2004 1409 ¹);
2051 1351 2244 1394 unum
2290 1331 2459 1394 enim
2503 1329 2709 1395 scelus
2769 1337 2836 1394 et
2878 1329 3108 1395 Achab
3165 1338 3240 1395 et

581 1435 624 1500 J
627 1435 841 1502 esabel
898 1437 1309 1513 comiserunt,
1377 1434 1493 1500 sed
1558 1443 1773 1500 tamen
1831 1455 2139 1501 converso
2185 1435 2368 1501 Acab
2435 1434 2517 1502 ad
2576 1438 2988 1523 penitentiam
3059 1459 3238 1524 pena

582 1540 871 1608 differtur
925 1545 995 1607 in
1051 1551 1338 1629 posteros
1398 1550 1462 1606 et
1504 1541 1546 1606 J
1550 1541 1764 1608 esabel
1821 1564 2236 1629 perseverans
2293 1546 2572 1631 presenti
2632 1542 3093 1609 condemnatur
3132 1546 3240 1629 ju—
3262 1553 3331 1609 10

581 1648 759 1728 ditio,
813 1658 881 1715 et
922 1648 1189 1715 habetur
1232 1648 1313 1714 de
1358 1650 1551 1736 penit.
1596 1647 1680 1713 di.
1729 1657 1786 1715 3.
1833 1672 1885 1712 c.
1931 1649 2131 1714 Acab.
2158 1651 2223 1732 ³).
2291 1653 2456 1715 sicut
2502 1659 2567 1716 et
2600 1649 2830 1715 Nume.
2863 1660 2942 1717 26
2973 1654 3052 1732 ⁴):
3103 1673 3239 1715 uno

580 1765 887 1844 peccante
944 1758 1124 1823 venit
1179 1757 1275 1820 ira
1316 1755 1443 1820 Dei
1503 1778 1695 1842 super
1752 1777 2005 1821 omnem
2048 1757 2384 1843 populum;
2441 1768 2508 1822 et
2550 1757 2750 1822 Josue
2799 1767 2834 1824 7
2865 1758 2945 1838 ⁶);
3005 1766 3073 1822 et
3115 1756 3238 1822 ha-

580 1862 766 1929 betur
811 1873 914 1931 45.
959 1862 1042 1929 di.
1088 1861 1203 1928 sed
1248 1862 1423 1928 illud.
1450 1865 1516 1943 ⁶).
1580 1870 1645 1928 et
1692 1871 1793 1930 23.
1838 1885 1898 1950 q.
1932 1871 1990 1928 4.
2036 1885 2088 1928 c.
2135 1864 2190 1928 si
2239 1866 2387 1946 ea'1)
2435 1867 2526 1929 ait
2573 1865 3004 1948 Augustinus:
3063 1886 3232 1928 non-

576 1994 658 2038 ne
690 1971 908 2036 Achor
949 1971 1112 2037 filius
1142 1971 1299 2036 Zare
1344 1972 1629 2056 preteriit
1672 1970 2036 2035 mandatum
2081 1969 2318 2035 domini
2366 1979 2429 2036 et
2475 1993 2668 2057 super
2711 1992 2964 2036 omnem
3004 1993 3223 2057 popu-

578 2079 709 2144 lum
738 2078 936 2144 Israel
981 2080 1075 2143 ira
1118 2080 1254 2163 ejus
1298 2076 1603 2157 incubuit,
1647 2086 1713 2141 et
1756 2076 1862 2143 ille
1908 2086 2042 2143 erat
2083 2100 2246 2142 unus
2292 2078 2479 2143 homo
2524 2087 2712 2164 atque
2758 2080 2996 2142 utinam
3041 2077 3224 2142 solus
3251 2089 3324 2143 15

578 2188 872 2272 periisset
936 2188 1002 2250 in
1081 2185 1320 2251 scelere
1377 2206 1511 2250 suo.
1624 2193 1688 2248 et
1766 2187 1874 2269 qui
1956 2186 2086 2249 suis
2153 2187 2393 2249 meritis
2459 2185 2673 2249 firmus
2742 2193 2866 2263 est,
2929 2183 3233 2249 turbatur

579 2292 829 2358 alienis:
878 2291 1254 2358 Ambrosius
1302 2313 1494 2377 super
1536 2290 1829 2355 Marcum
1876 2298 1942 2355 et
1985 2290 2253 2356 habetur
2297 2293 2363 2356 in
2409 2314 2462 2357 c.
2509 2313 2637 2356 non
2679 2291 2969 2356 turbatur
3013 2300 3117 2358 24.
3163 2315 3232 2378 q.

581 2410 612 2465 1
646 2400 711 2482 ⁸).
801 2408 867 2465 et
908 2397 1286 2485 quandoque
1330 2400 1524 2463 etiam
1563 2397 1977 2484 corporaliter
2016 2397 2181 2462 filius
2228 2419 2343 2484 pro
2387 2408 2567 2485 patre
2612 2400 2925 2486 puniatur,
2971 2409 3044 2462 ut
3073 2420 3235 2464 con-

575 2515 704 2571 stat
748 2528 828 2571 ex
873 2506 1085 2572 verbis
1132 2503 1462 2589 evangelii,
1509 2503 1764 2590 quando
1809 2503 2082 2591 apostoli
2130 2503 2210 2569 de
2257 2525 2411 2571 ceco
2467 2514 2617 2571 nato
2663 2504 2986 2569 dominum
3029 2507 3237 2570 inter-

574 2622 900 2700 rogarunt:
961 2613 1096 2679 rabi
1155 2613 1298 2699 quis
1358 2613 1687 2699 peccavit,
1754 2612 1807 2676 is
1868 2618 1978 2676 aut
2038 2619 2331 2698 parentes
2401 2614 2569 2699 ejuS,
2628 2620 2698 2677 ut
2754 2633 2941 2678 cecus
3002 2634 3236 2679 nasce·
3255 2623 3331 2680 20

572 2730 747 2787 retur
779 2723 826 2805 ⁹)
840 2723 872 2786 ἱ)
959 2723 1025 2785 in
1070 2719 1298 2807 quibus
1354 2721 1546 2785 etiam
1590 2717 1749 2784 illud
1810 2718 2163 2805 completur
2218 2718 2392 2806 quod
2437 2718 2728 2785 dominus
2773 2722 2864 2784 ait
2906 2717 2990 2786 ad
3032 2719 3236 2807 Moy-

572 2850 706 2894 sem
724 2831 825 2909 ¹⁰):
873 2850 990 2913 ego
1036 2849 1177 2893 sum
1204 2825 1386 2892 Deus
1417 2827 1654 2891 zelotes
1699 2827 1969 2890 visitans
2015 2835 2282 2913 peccata
2323 2836 2658 2912 parentum
2701 2830 2772 2891 in
2811 2827 2976 2891 filios
3017 2849 3233 2913 usque

569 2937 637 3000 in
681 2937 933 3001 tertiam
977 2944 1043 3000 et
1086 2942 1373 3021 quartam
1417 2935 1905 3020 generationem.
1995 2932 2145 2998 licet
2204 2942 2422 2999 eterna
2479 2955 2646 3020 pena
2703 2934 2863 2998 alius
2931 2955 3049 3021 pro
3096 2934 3232 3000 alio

569 3045 823 3107 minime
880 3044 1210 3129 puniatur,
1268 3039 1585 3126 quomodo
1646 3039 1805 3104 illud
1864 3039 2342 3125 intelligendum
2410 3049 2509 3105 est
2572 3039 2745 3127 quod
2792 3040 3088 3106 dominus
3131 3045 3235 3107 ait

568 3172 683 3237 per
726 3148 1160 3216 Ezachielem:
1225 3150 1437 3213 anima
1493 3168 1616 3233 que
1675 3149 2040 3234 peccaverit
2096 3149 2239 3234 ipsa
2294 3149 2597 3212 morietur
2611 3173 2630 3228 3
2688 3148 2854 3213 filius
2899 3169 3028 3213 non
3074 3170 3230 3236 pore
3250 3158 3324 3215 25

568 3256 730 3322 tabit
772 3259 1170 3343 iniquitatem
1199 3257 1398 3343 patris
1443 3276 1648 3340 neque
1693 3262 1878 3340 pater
1921 3255 2318 3339 iniquitatem
2362 3254 2491 3319 filii.
2548 3256 2803 3341 justicia
2847 3256 2996 3342 justi
3029 3278 3232 3343 super

569 3385 713 3429 eum
773 3365 894 3428 erit
947 3372 1013 3428 et
1072 3365 1368 3449 impietas
1425 3361 1605 3448 impii
1653 3383 1845 3447 super
1885 3383 2034 3426 *eum
2081 3365 2154 3440 (c.
2208 3365 2309 3443 18)
2329 3364 2431 3441 ¹¹);
2478 3370 2545 3426 et
2587 3360 2858 3427 habetur
2901 3372 3006 3429 24.
3052 3386 3113 3449 q.
3161 3375 3228 3431 3.

570 3469 738 3553 §his
769 3472 860 3536 ita
876 3473 962 3552 ¹²).
1021 3478 1088 3535 et
1128 3467 1287 3534 illud
1331 3466 1415 3534 ad
1459 3467 1669 3534 Galat.
1699 3490 1753 3533 c.
1790 3469 1959 3549 6.¹⁸):
2005 3469 2435 3555 unusquisque
2482 3490 2642 3533 onus
2689 3492 2878 3534 suum
2920 3471 3226 3557 portabit.

711 3649 751 3715 ι)
789 3666 832 3704 c.
869 3652 945 3705 24
984 3648 1041 3705 0.
1078 3651 1153 3704 24
1187 3664 1238 3717 q.
1278 3652 1327 3701 1.

710 3737 750 3806 ²)
789 3737 973 3809 1339.
1010 3753 1053 3793 ο.
1092 3740 1183 3793 21.
3241 3739 3317 3793 30

710 3825 751 3898 ¹)
786 3845 829 3883 c.
864 3831 941 3883 27
974 3826 1050 3882 D.
1088 3831 1126 3881 3
1159 3826 1227 3882 dc
1255 3827 1408 3897 peni.

708 3917 750 3987 ⁴)
788 3922 821 3972 4
841 3918 983 3973 Mos.
1018 3920 1096 3973 26
1127 3934 1175 3972 v.
1215 3920 1264 3971 9.
1304 3920 1388 3972 10.

708 4006 750 4075 ⁵)
785 4008 901 4064 «ἴω.
940 4023 986 4062 c.
1027 4008 1077 4062 7.

709 4095 751 4166 ⁶)
788 4114 832 4153 c.
873 4100 942 4151 17
975 4096 1050 4151 D.
1088 4098 1175 4150 45.

713 4184 1154 4256 ⁷)o.500.23
1187 4188 1327 4256 q.4.
3237 4189 3310 4244 35

707 4273 750 4343 ⁸)
788 4292 831 4331 c.
871 4278 907 4330 7
942 4276 999 4331 Ο.
1037 4278 1115 4330 24
1149 4290 1201 4345 q.
1236 4278 1284 4329 1.

707 4364 750 4431 ⁹)
785 4364 889 4420 Ev.
927 4365 1015 4421 Jo.
1052 4368 1089 4419 9
1123 4381 1172 4420 v.
1210 4369 1257 4418 1.
1293 4367 1345 4420 2.

684 4452 748 4523 ¹⁰)
783 4455 983 4510 2Mos.
1020 4458 1095 4509 20
1129 4471 1178 4509 v.
1215 4457 1267 4509 5.

684 4542 751 4611 ιι)
787 4543 981 4600 Enoch.
1020 4562 1063 4600 c.
1101 4548 1170 4599 18
1201 4562 1249 4600 v.
1288 4544 1391 4612 4ff.

683 4631 748 4701 ¹²)
785 4632 996 4688 findet
1028 4633 1145 4690 sich
1178 4633 1347 4689 nicht.
3231 4643 3304 4698 40

683 4718 746 4788 ¹⁸)
787 4721 912 4776 Gal.
949 4724 986 4775 6
1022 4738 1070 4777 υ.
1109 4724 1160 4776 6.
