3500 5300
940 368 1040 424 No.
1078 368 1247 425 4-5:
1289 368 1429 425 1536
1465 368 1699 426 Oktober
1734 372 2179 427 24.—December
2216 374 2266 428 2.
2872 374 2944 433 6⁹

1316 566 1514 656 Apud
1558 567 1893 634 Svitenses.
3015 573 3160 624 1536

328 735 341 748 ,
452 672 789 740 Pelicanus
818 673 891 763 ¹).
2965 641 3085 697 (Μ’
3122 644 3195 695 24

453 780 819 847 Munsterus
845 780 917 869 ²).

453 887 617 954 Sunt
660 895 723 952 et
767 887 874 953 alii
918 887 1205 978 plerique
1251 897 1383 954 tam
1429 887 1740 955 Catholici
1786 912 1979 978 quam
2037 888 2336 957 baeretici
2383 892 2492 978 qui
2538 893 2942 978 scripserunt,

217 1002 256 1056 5
273 993 385 1059 sed
434 994 747 1060 secundae
792 1002 1000 1062 notae.

452 1101 617 1168 Sunt
660 1108 975 1190 postremo
1020 1110 1086 1169 et
1129 1101 1238 1168 alii
1283 1101 1569 1169 nonnulli
1616 1102 1927 1171 Catholici
1972 1127 2101 1170 non
2158 1104 2367 1169 minus
2414 1104 2703 1170 doctrina
2750 1128 2942 1192 quam

272 1205 604 1274 nobilitate
666 1208 995 1275 clarissimi
1054 1210 1121 1274 in
1180 1209 1558 1295 Germania,
1619 1211 1728 1276 sed
1784 1233 1892 1277 eos
1949 1234 2077 1277 non
2138 1212 2429 1295 nomino,
2488 1213 2639 1300 quia
2696 1215 2763 1278 in
2822 1211 2944 1279 hac

271 1317 538 1381 materia
594 1314 753 1381 nihil
813 1316 985 1404 quod
1047 1318 1418 1405 scripserint
1475 1319 1541 1383 in
1601 1317 1930 1405 publicum
1990 1318 2358 1403 ediderunt,
2417 1318 2521 1384 vel
2579 1318 2796 1385 saltem
2859 1319 2944 1385 ad

270 1444 390 1488 nos
433 1444 561 1488 non
596 1430 1024 1511 pervenerunt
1053 1447 1272 1491 eorum
1318 1427 1587 1513 scripta3
1634 1427 1800 1492 inter
1843 1448 2003 1514 quos
2047 1427 2387 1514 praecipue
2432 1425 2721 1514 splendet
2764 1425 2944 1493 nobi·

178 1537 253 1592 10
271 1526 547 1594 lissimus
592 1532 694 1595 vir
750 1531 1045 1596 dominus
1089 1531 1301 1598 Julius
1345 1532 1536 1616 Pflug
1580 1532 1697 1598 Βιιιί
1757 1534 1996 1599 domini
2060 1532 2402 1598 cardinalis
2447 1533 2739 1622 Capuani
2797 1557 2942 1601 con·

271 1638 689 1721 sanguineus,
748 1645 1018 1725 utraque
1062 1638 1285 1726 lingua
1329 1639 1732 1705 doctissimus
1778 1660 2154 1726 summaque
2199 1637 2516 1727 probitate
2564 1649 2626 1706 et
2671 1642 2938 1707 auctori·

270 1749 402 1808 tate
447 1765 526 1808 ac
585 1746 793 1831 gratia
849 1745 1023 1832 apud
1068 1744 1164 1810 Ill.
1213 1746 1539 1813 dominum
1587 1745 1938 1834 Georgium
1995 1745 2221 1812 ducem
2269 1746 2588 1813 Saxoniae
2647 1754 2711 1813 et
2768 1747 2940 1835 apud

270 1872 490 1916 omnes
533 1850 664 1918 fere
710 1851 1081 1921 Germanos.

449 2046 764 2113 Dominus
808 2056 1018 2114 autem
1065 2050 1337 2116 nuncius
1392 2051 1484 2115 ita
1529 2049 1806 2117 humane
1864 2047 2056 2114 habet
2114 2054 2390 2114 tractare
2444 2047 2802 2116 Catholicos
2871 2058 2942 2116 ut

174 2162 250 2216 15
268 2156 336 2219 in
383 2151 763 2239 haereticos,
821 2179 979 2243 quos
1024 2158 1304 2222 maxime
1351 2166 1674 2244 suspectos
1738 2154 1974 2222 habere
2019 2154 2239 2238 debet,
2299 2178 2427 2220 non
2473 2157 2553 2221 sit
2597 2179 2784 2243 asper
2829 2164 2941 2222 aut

267 2261 664 2326 inimicitiam
710 2261 906 2327 ullam
949 2265 1018 2328 in
1063 2286 1170 2329 eos
1214 2287 1369 2350 prae
1414 2287 1481 2330 se
1525 2264 1706 2348 ferat,
1752 2264 2054 2352 quinim0,
2102 2263 2312 2351 quoad
2358 2264 2415 2349 ej
2425 2286 2496 2329 us
2541 2262 2676 2328 fieri
2717 2269 2940 2350 potest,

268 2367 547 2455 quadam
593 2368 808 2435 vultus
856 2370 1261 2458 jucunditate
1321 2378 1385 2436 et
1445 2369 1627 2436 bonis
1687 2368 1903 2435 verbis
1948 2407 2025 2418 —-
2080 2372 2451 2457 praesertim
2511 2369 2753 2458 absque
2818 2369 2938 2436 Oa-

270 2473 643 2543 tholicorum
707 2475 1008 2543 scandalo
1067 2515 1153 2526 -
1217 2500 1434 2544 omnes
1492 2477 1742 2544 Christo
1811 2476 2199 2562 lucrifaciat3
2273 2483 2498 2542 caveat
2569 2484 2782 2543 tamen
2852 2475 2936 2541 ab

269 2603 491 2648 eorum
536 2582 1072 2671 disputationibus
1117 2593 1181 2652 et
1226 2584 1404 2670 dolis,
1452 2584 1562 2650 sed
1609 2584 1720 2651 tali
1751 2591 2246 2672 temperamento
2294 2591 2508 2651 utatur
2552 2590 2623 2649 ut
2666 2582 2768 2651 vel
2812 2606 2938 2669 eos,

172 2697 251 2751 20
269 2690 320 2754 si
365 2689 505 2755 fieri
550 2699 784 2778 potest,
850 2693 934 2758 ad
992 2694 1304 2780 gremium
1365 2691 1667 2759 ecclesiae
1711 2691 2010 2775 reducat,
2072 2690 2176 2756 vel
2234 2689 2452 2757 saltem
2511 2693 2579 2756 in
2637 2715 2752 2757 nos
2809 2715 2938 2758 non

267 2797 498 2863 reddat
541 2800 746 2886 magis
789 2798 1220 2866 exacerbatos.

265 3048 336 3115 5.
427 3047 694 3115 Marone
751 3071 842 3115 an
886 3049 961 3116 Ρ.
1007 3048 1183 3115 Paul
1224 3048 1384 3114 III:
1452 3047 1753 3130 Ankunft
1808 3050 1882 3113 in
1939 3048 2163 3127 Wem
2229 3047 2663 3130 Ausrichtuny
2727 3049 2937 3114 seiner
2955 3062 3090 3120 Dec.
3125 3068 3166 3120 2

263 3155 583 3239 Αιιβνᾶρε
624 3179 715 3221 an
759 3157 845 3221 K.
893 3156 1294 3236 Fordinamd,
1361 3155 1614 3221 welcher
1682 3157 1852 3220 scine
1907 3156 2352 3220 unwandelbar
2395 3154 2762 3220 katholische
2815 3155 2936 3220 Ge-

261 3263 547 3344 sinmmy
590 3263 896 3329 betham
958 3264 1097 3328 und
1158 3263 1293 3328 sich
1359 3264 1449 3328 im
1492 3263 1801 3328 Interesse
1859 3263 1968 3326 der
2017 3260 2436 3328 Christenheit
2477 3263 2663 3326 bereit
2705 3262 2940 3327 erklc'irt

172 3375 243 3429 25
263 3369 368 3434 die
426 3369 839 3453 Vermittluny
881 3370 1179 3437 zwisclwn
1222 3371 1358 3436 dem
1403 3371 1638 3436 Kaiser
1681 3370 1822 3434 und
1863 3370 1948 3434 K.
1998 3368 2217 3434 Franz
2261 3390 2378 3434 von
2423 3368 2812 3434 Frankrcc’ch
2854 3390 2938 3436 zu

262 3476 691 3554 iibemehmen‚
740 3483 893 3543 trotz
937 3478 1048 3543 der
1076 3474 1542 3559 Schwimqkeit
1585 3478 1761 3543 einer
1805 3476 2044 3542 sole-hm
2088 3477 2184 3542 bei
2228 3477 2337 3541 der
2378 3476 2762 3542 notoaedschen
2804 3477 2870 3544 U
2861 3499 2932 3540 n-

259 3582 772 3665 euverldssiqlceit
814 3584 922 3649 des
961 3584 1427 3665 framosi-acken
1471 3585 1733 3666 Κόηίρε.
1813 3582 1940 3648 Die
1999 3583 2437 3666 Verhanclluny
2481 3585 2598 3648 mit
2641 3584 2726 3648 K.
2772 3582 2933 3650 Fer-

260 3689 513 3753 dinand
575 3690 724 3754 iiber
788 3691 906 3754 das
967 3688 1181 3755 Concil
1249 3691 1344 3756 bis
1408 3692 1538 3772 auf
1570 3690 2011 3772 Besjzffechuny
2076 3691 2193 3754 mit
2257 3690 2395 3755 dem
2446 3688 2755 3756 Cardinal
2817 3712 2936 3755 von

270 3797 491 3862 went
544 3797 683 3861 und
736 3796 1010 3879 Bischof
1049 3797 1251 3863 Fabri
1307 3803 1558 3881 vertayt.
1632 3797 2072 3862 Anwesenheit
2117 3796 2502 3862 Hermolao’s
2561 3798 2636 3861 in
2692 3795 2936 3863 sache„

168 3913 241 3966 30
268 3903 553 3971 Glissa’a
645 3908 811 3970 1536
857 3904 1187 3971 December
1229 3908 1276 3972 2
1336 3906 1536 3971 Wien.

408 4048 531 4102 Aue
566 4047 796 4116 Neapol,
833 4047 1065 4102 Grande
1100 4047 1268 4103 Arch.
1307 4046 1476 4103 Oai-te
1516 4046 1851 4102 Farnesiane
1887 4045 2044 4100 Fase.
2084 4046 2189 4100 729
2230 4044 2383 4116 Oriq.

444 4170 570 4236 Alli
619 4180 700 4238 29
749 4169 851 4237 del
896 4178 1149 4258 passato
1196 4172 1399 4258 gionsi
1448 4171 1557 4258 qui
1602 4172 1670 4235 in
1716 4171 1970 4234 Vienna
1996 4171 2071 4256 ⁸),
2119 4191 2238 4235 ove
2284 4193 2324 4234 a
2367 4192 2552 4234 nome
2598 4170 2663 4234 di
2710 4175 2928 4257 questo
2945 4187 3089 4242 Non.
3123 4191 3198 4242 29

260 4279 450 4345 Ser¹no
482 4299 550 4343 re
597 4300 774 4344 come
819 4301 1012 4365 segne
1052 4277 1119 4343 di
1153 4278 1384 4344 Vestra
1415 4278 1681 4360 Santita,
1728 4283 2141 4365 quantunque
2185 4277 2481 4364 indegno‚
2525 4275 2618 4341 fui
2647 4277 2930 4342 ricevuto

412 4492 455 4564 ¹)
494 4492 723 4550 Conrad
759 4492 1032 4561 Pellikcm,
1067 4493 1183 4563 9⁶1²·
1220 4493 1298 4548 im
1332 4488 1538 4561 Elsass,
1576 4493 1771 4548 wirkte
1805 4492 1870 4546 in
1905 4492 2133 4547 Zarich.

169 4581 241 4636 35
410 4582 456 4651 ²)
494 4582 789 4638 Sebastian
824 4582 1099 4641 Manem.
1139 4581 1237 4636 der
1274 4582 1543 4637 bekanntc
1577 4581 1980 4650 Kosmoyraph.

409 4669 453 4739 ¹)
499 4671 617 4726 Von
661 4670 760 4726 der
794 4671 954 4727 Reice
989 4671 1269 4728 Morone’s
1316 4672 1490 4742 licam
1534 4672 1665 4727 zwei
1699 4669 1898 4737 Briefe
1942 4688 2019 4726 an
2054 4670 2344 4726 Ricalcati
2392 4686 2502 4726 vor.
2575 4670 2686 4724 Am
2721 4672 2774 4724 4.
2809 4668 2927 4727 No·

264 4760 484 4828 umber,
523 4777 627 4815 aus
662 4760 926 4829 Modena,
963 4761 1103 4831 zeiqt
1130 4763 1366 4817 Marone
1401 4778 1495 4829 an,
1535 4756 1655 4830 dass
1691 4777 1750 4814 er
1782 4766 1996 4831 qestern
2035 4760 2161 4815 dort
2201 4777 2278 4814 an
2313 4760 2511 4814 seinem
2538 4759 2928 4826 Bischosssitze
