3500 5300
634 351 743 415 80⁸
1749 355 1848 411 No.
1887 357 1985 411 1*:
2026 356 2180 412 1536.

439 555 582 606 1536
633 552 698 615 in
745 575 873 639 qua
914 552 992 616 fe.
1041 574 1124 616 re.
1173 550 1464 617 Clemens
1509 551 1628 616 III.
1676 574 1788 617 sue
1833 552 2224 638 dispositioni
2272 552 2622 616 reservavit
2680 553 2893 617 omnia
2938 559 3003 617 et
3047 551 3292 638 singula

634 658 985 723 sacerdotia
1030 658 1201 745 apud
1248 658 1458 724 sedem
1519 657 1929 745 apostolicam
1990 660 2288 723 vacantia
2346 658 2428 723 ad
2489 657 2861 724 colationem
2927 658 3289 725 electionem

632 773 696 829 et
739 768 1163 852 provisionem
1209 764 1671 830 ordinariorum
1717 767 2086 852 spectantia,
2132 788 2535 853 nequaquam
2581 765 2690 831 illa
2719 765 3149 852 complectens
3177 789 3291 855 que

633 871 715 935 ad
784 894 998 936 eorum
1062 874 1512 937 institutionem
1582 872 1665 937 ad
1733 871 2061 959 laycorum
2129 874 2654 960 presentationem
2743 881 3051 960 spectant.
3142 876 3286 961 quin

633 979 821 1042 etiam
869 978 988 1043 sibi
1034 980 1189 1066 ipsis
1219 978 1418 1064 legem
1452 978 1783 1066 pontifices
1812 980 2205 1066 imponentes
2235 981 2298 1043 in
2335 977 2709 1044 cancellarie
2754 979 2991 1065 regulis
3021 988 3286 1046 statuere
3329 987 3357 1040 5

633 1108 822 1173 super
867 1087 1095 1172 quovis
1153 1085 1573 1153 ecclesiastico
1632 1086 1984 1151 sacerdotio
2039 1086 2119 1151 de
2166 1089 2314 1173 jure
2374 1094 2749 1172 patronatus
2793 1085 3124 1172 laycorum
3170 1110 3287 1152 non

632 1192 1062 1279 expediendas
1120 1192 1333 1257 literas
1389 1195 1510 1257 nisi
1567 1203 1841 1280 ponatur
1899 1215 2198 1279 expresse
2257 1193 2427 1280 quod
2489 1192 2614 1257 tale
2683 1192 3052 1258 benefitium
3122 1204 3286 1260 tanto
3489 1201 3490 1252 ἔ

634 1307 915 1385 tempore
962 1301 1287 1364 vacaverit
1330 1300 1501 1388 quod
1546 1301 1682 1386 ejus
1728 1299 1956 1365 colatio
2002 1308 2098 1364 est
2141 1300 2227 1364 ad
2272 1299 2484 1364 sedem
2541 1299 2954 1386 apostolicam
3002 1299 3288 1366 devoluta

632 1404 738 1470 vel
783 1406 865 1470 ad
912 1406 975 1471 id
1022 1416 1431 1493 patronorum
1480 1406 1744 1472 accedat
1789 1429 2096 1472 assensus.

812 1512 1003 1593 Quod
1059 1515 1113 1578 si
1171 1514 1552 1601 quandoque
1599 1515 1735 1601 juri
1781 1519 2154 1600 patronatus
2198 1512 2528 1600 laycorum
2574 1513 2984 1598 derrogatur,
3045 1514 3112 1579 id
3170 1537 3289 1579 nen
3305 1521 3362 1574 10

633 1621 751 1684 nisi
784 1622 971 1686 certis
1001 1620 1251 1686 casibus
1297 1643 1415 1686 nec
1459 1623 1526 1686 in
1571 1620 1668 1685 his
1699 1643 1965 1707 semper,
2013 1622 2122 1685 sed
2158 1621 2350 1707 justis
2394 1620 2468 1685 fit
2497 1621 2578 1685 de
2622 1622 2844 1686 camis
2916 1622 3289 1710 quandoque

633 1728 803 1791 enim
848 1750 995 1793 cum
1042 1727 1397 1793 sacerdotia
1441 1728 1613 1815 apud
1661 1727 1873 1793 sedem
1921 1727 2328 1814 apostolicam
2375 1739 2624 1810 vacant,
2675 1750 2752 1792 ea
2795 1730 3043 1793 ratione
3089 1728 3290 1794 derre-

634 1843 822 1919 gatur
868 1856 948 1899 ne
992 1843 1323 1922 expectato
1368 1845 1779 1922 patronorum
1835 1857 2142 1899 consensu
2197 1835 2498 1899 diuturna
2551 1835 2804 1899 vacatio
2850 1835 3291 1900 detrimentum

634 1941 858 2005 afferat
902 1942 1298 2007 sacerdotiis:
1344 1965 1396 2007 c.
1445 1965 1524 2006 ne
1569 1964 1684 2028 pro
1730 1942 1981 2007 defectu
2026 1941 2106 2005 de
2150 1940 2324 2006 elect.
2361 1943 2423 2028 ¹).
2514 1965 2591 2007 ac
2635 1943 2823 2006 etiam
2871 1943 3047 2029 quod
3093 1944 3158 2006 in
3203 1942 3295 2007 his

636 2048 1061 2134 preveniendo
1107 2050 1441 2114 ordinariis
1486 2047 1868 2114 colatoribus
1913 2048 2295 2135 prejudieet‚
2353 2047 2586 2135 quibus
2631 2044 2767 2134 ipso
2803 2050 2954 2136 jure
2999 2051 3296 2136 competit
3314 2057 3372 2109 15

633 2141 1073 2220 benefitiorum
1119 2154 1376 2221 colatio:
1435 2167 1527 2223 10.
1574 2178 1632 2243 q.
1672 2167 1723 2221 1.
1774 2178 1887 2242 per
1932 2163 2163 2236 totum3
2212 2178 2268 2221 c.
2317 2177 2535 2220 omnes
2581 2154 2840 2220 basilice
2889 2166 2991 2221 21.
3040 2179 3097 2243 q.
3149 2168 3182 2223 7
3215 2159 3294 2240 2);

635 2284 687 2326 c.
749 2284 894 2327 cum
952 2264 1287 2350 episeopus
1343 2262 1422 2327 de
1489 2263 1613 2327 ossi.
1682 2285 1771 2327 or.
1830 2261 1992 2327 libro
2055 2271 2130 2328 6⁰
2161 2261 2246 2350 ³):
2315 2271 2553 2349 quanto
2623 2263 2824 2348 magis
2890 2245 3296 2349 patronorum

636 2370 1103 2454 presentationi,
1150 2391 1272 2457 que
1320 2392 1402 2435 ex
1447 2372 1652 2454 gratia
1699 2371 2016 2455 competit,
2065 2375 2134 2433 ut
2179 2391 2373 2455 supra
2419 2369 2718 2451 diximuS,
2766 2392 2896 2434 non
2939 2371 3300 2436 inconvenit

636 2475 1032 2561 prejudicari.
1129 2476 1253 2541 alio
1300 2499 1452 2540 casu
1500 2478 1734 2563 passim
1784 2477 2121 2561 derrogare
2170 2497 2590 2558 consuevere,
2638 2498 2784 2540 cum
2832 2477 3072 2542 seilicet
3117 2477 3297 2542 bene·

636 2580 770 2645 fitia
816 2590 962 2648 sunt
1008 2583 1296 2669 litigiosa,
1340 2593 1403 2649 et
1448 2584 1512 2648 id
1561 2586 1799 2671 optima
1843 2584 2105 2659 ratione,
2154 2605 2236 2648 ne
2283 2581 2520 2649 seilicet
2565 2585 2886 2670 superstiti
2930 2583 3382 2672 conitigantiffl

636 2712 841 2755 novus
886 2690 1073 2755 detur
1116 2690 1521 2756 adversarius
1565 2700 1629 2755 et
1672 2690 1819 2755 finis
1862 2689 2080 2755 litibus
2124 2692 2522 2778 imponatur:
2579 2714 2630 2755 c.
2690 2690 2882 2755 finem
2943 2691 3164 2757 litibus
3225 2692 3302 2757 de

636 2795 781 2862 dolo
826 2806 890 2862 et
934 2806 1143 2865 contu.
1175 2800 1247 2885 ⁴).
1324 2806 1388 2864 et
1432 2801 1484 2862 si
1531 2798 1911 2886 quandoque
1958 2820 2087 2862 non
2133 2796 2534 2884 collitiganti‚
2583 2797 2691 2863 sed
2740 2800 2924 2864 tertio
2961 2801 3076 2886 jus
3118 2799 3301 2865 deee-

636 2904 843 2969 dentis
891 2905 1228 2989 confertur,
1273 2928 1498 2992 parum
1546 2907 1815 2970 infertur
1858 2915 2127 2992 patrono
2172 2904 2515 2992 prejuditii,
2565 2927 2710 2969 cum
2755 2928 2880 2970 non
2916 2905 3303 2990 benefitium,

638 3012 745 3076 sed
780 3013 890 3097 jus
936 3011 1057 3077 sub
1093 3013 1313 3099 judice
1357 3012 1667 3077 incertum
1715 3011 2116 3079 concedatur.
2209 3020 2420 3098 preter
2463 3012 2577 3075 hos
2626 3033 2812 3076 casus
2859 3014 2963 3078 vel
3007 3037 3158 3080 raro
3205 3012 3304 3079 vel

637 3142 961 3207 nunquam
999 3121 1134 3206 juri
1180 3126 1553 3208 patronatus
1582 3119 1911 3206 laycorum
1942 3119 2336 3204 denogatur,
2384 3141 2509 3183 non
2543 3120 2887 3205 potestatis,
2937 3121 3049 3186 sed
3084 3121 3382 3187 volun-2⁵

636 3229 786 3292 tatis
830 3227 1097 3293 defectu.
2971 3242 2982 3251 '

817 3335 885 3400 Si
932 3343 1142 3399 tamen
1188 3341 1251 3400 et
1293 3333 1416 3399 hoc
1457 3333 1676 3399 inclita
1705 3332 2174 3399 Germanorum
2221 3334 2393 3398 natio
2441 3355 2557 3420 pro
2602 3335 2980 3418 gravamine
3026 3336 3308 3422 suscipit,

637 3442 868 3528 poterit
925 3441 1152 3507 modus
1210 3440 1510 3507 adhibere
1570 3449 1643 3506 ut
1703 3440 2002 3507 benefitia
2060 3463 2182 3527 que
2240 3439 2321 3505 de
2355 3442 2503 3527 jure
2548 3448 2925 3527 patronatus
2970 3443 3310 3528 laycorum

639 3549 935 3633 existunt,
984 3547 1156 3635 apud
1201 3548 1414 3614 sedem
1460 3548 1760 3613 vacantia
1805 3547 2210 3612 conferantur
2255 3546 2507 3634 adjecta
2546 3546 2830 3613 clausula
2873 3555 2938 3612 et
2969 3546 3053 3614 de
3096 3558 3311 3635 patro·

641 3676 864 3720 norum
912 3678 1237 3737 consensu,
1283 3655 1473 3721 modo
1518 3678 1601 3720 ex
1646 3638 2015 3720 fundatione
2058 3655 2162 3720 vel
2220 3653 2540 3719 dotatione
2573 3655 2686 3741 jus
2737 3661 3118 3741 patronatus
3165 3678 3310 3744 pro-
3328 3660 3392 3712 39

641 3764 903 3828 venerit.
997 3762 1079 3828 de
1122 3762 1406 3849 litigiosis
1466 3784 1636 3845 vere,
1696 3768 1769 3827 ut
1828 3762 2079 3826 nonnisi
2135 3783 2252 3847 pro
2297 3782 2682 3847 possessore3
2742 3768 2856 3826 aut
2915 3763 2970 3826 si
3013 3784 3134 3849 pro
3183 3786 3313 3829 non

639 3891 995 3956 possessore
1070 3868 1200 3935 lata
1267 3871 1348 3935 sit
1414 3870 1752 3952 sententia,
1824 3868 2175 3955 surrogatio
2243 3867 2430 3933 detur
2497 3889 2642 3931 cum
2699 3868 2866 3955 juris
2934 3876 3316 3956 patronatus

642 3977 1099 4064 derrogatione.

643 4163 736 4221 15.
785 4155 884 4221 De
926 4156 1364 4221 ecclesiasticis
1395 4158 1504 4244 qui
1540 4155 1740 4221 Rome
1772 4155 1871 4220 vel
1902 4156 2068 4219 inter
2102 4153 2378 4219 eundum
2403 4154 2667 4218 Romam
2694 4161 2963 4219 mortem
2985 4163 3320 4243 oppetunt.

820 4279 980 4347 Cum
1030 4282 1318 4346 Romana
1376 4280 1639 4347 ecclesia
1696 4282 1777 4345 sit
1832 4287 2038 4345 mater
2096 4285 2160 4344 et
2205 4279 2507 4365 magistra
2565 4279 2851 4344 omnium
2899 4278 3399 4346 eeclesiarum&

788 4479 832 4547 ¹)
869 4477 995 4534 Lib.
1036 4479 1076 4533 I
1106 4480 1188 4533 tit.
1228 4481 1262 4531 6
1298 4494 1340 4532 c.
1380 4481 1460 4531 41.

787 4567 832 4637 ²)
872 4585 916 4623 c.
956 4572 1026 4622 10
1061 4566 1118 4623 0.
1158 4571 1228 4621 16
1264 4584 1311 4636 q.
1353 4570 1401 4620 7.

789 4656 833 4721 ⁸)
871 4658 1030 4712 Sexti
1068 4658 1157 4711 lib.
1198 4658 1240 4712 I
1271 4656 1356 4711 tit.
1394 4659 1463 4711 16
1499 4672 1541 4710 c.
1584 4660 1629 4709 7.

788 4744 833 4813 ⁴)
873 4745 996 4800 Lib.
1032 4746 1111 4802 II
1141 4746 1227 4800 tit.
1266 4749 1332 4801 14
1371 4761 1413 4800 c.
1452 4749 1501 4798 5.
