3500 5300
1032 372 1131 426 No.
1172 373 1410 428 77—78:
1452 373 1590 428 1538
1628 373 1860 428 Februar
1897 375 2139 429 11.—25.
2815 370 2924 431 258

264 567 467 631 vincis
513 590 811 654 appresso
857 569 898 632 li
947 567 1274 652 Catholici,
1321 570 1491 656 quali
1523 590 1641 634 con
1690 569 1882 635 molto
1914 570 2222 635 desiderio
2267 569 2476 634 l’hano
2521 568 2922 654 longamente
2995 573 3141 625 1638

260 679 567 759 espettato
599 683 660 738 et
690 674 749 738 al
785 684 1071 761 presente
1101 683 1441 762 espettano.
1499 684 1563 742 et
1593 701 1658 740 sc
1690 677 1822 742 Sua
1853 679 2119 760 samita,
2152 701 2187 742 o
2221 700 2334 764 per
2364 676 2642 741 stabilire
2672 676 2734 742 la
2763 699 2923 763 pace
2941 643 3084 696 ἢν·
3119 646 3181 695 11

260 787 360 843 tra
406 779 469 844 la
498 779 771 846 Cesarea
804 782 1047 847 Maesta
1091 790 1154 846 et
1186 782 1456 867 Franza‚
1503 807 1541 847 o
1586 806 1702 869 per
1748 783 2015 871 qualche
2061 783 2223 848 altra
2268 806 2462 848 causa
2507 783 2571 847 di
2633 785 2924 869 maggior

260 887 674 973 importanza,
720 911 847 953 non
894 891 956 952 vi
1007 898 1250 975 potesse
1297 912 1499 955 essere
1546 899 1867 976 presente,
1924 892 1974 955 si
2022 889 2326 978 potrebbe
2372 889 2650 977 supplire
2696 913 2815 956 con
2861 890 2924 955 la

206 996 576 1079 5presentia
620 994 893 1059 d'alcuni
927 997 1006 1059 de
1039 996 1243 1083 quelle
1275 999 1510 1083 signori
1556 997 1673 1062 Rmi
1731 1007 1795 1062 et
1836 997 1995 1063 darli
2042 998 2372 1084 principi0‚
2420 996 2714 1061 accioche
2761 1004 2924 1063 tutto

260 1099 305 1164 il
352 1101 584 1167 mondo
647 1124 1011 1168 conoscesse
1070 1102 1185 1167 che
1246 1127 1357 1190 per
1404 1105 1533 1169 Sua
1579 1105 1830 1170 Santita
1887 1127 2011 1170 non
2071 1128 2315 1169 manca.
2407 1110 2472 1168 et
2514 1112 2926 1192 quantunque

262 1207 429 1272 fusse
474 1207 538 1272 la
581 1231 812 1294 guerra
857 1210 1293 1275 ardentissima
1340 1210 1619 1276 anchora
1664 1214 1728 1276 in
1776 1211 1963 1276 Italia
1979 1261 1997 1296 ‚
2058 1213 2107 1276 si
2155 1209 2464 1297 potrebbe
2510 1212 2661 1297 pero
2707 1232 2924 1297 proce-

261 1313 413 1379 dere
457 1337 577 1379 con
624 1314 751 1380 tale
797 1316 1114 1381 dexterita
1158 1325 1222 1382 et
1264 1317 1454 1383 modo
1501 1317 1615 1383 che
1663 1318 1987 1383 facendosi
2042 1317 2084 1382 il
2131 1319 2441 1404 principio
2488 1320 2537 1381 si
2585 1320 2926 1383 riservasse

262 1445 303 1485 a
346 1421 459 1506 piu
517 1430 871 1508 opportuno
933 1432 1144 1510 tempo
1206 1423 1295 1488 le*
1327 1445 1470 1488 cose
1525 1424 1590 1488 di
1646 1427 1974 1510 maggiore
2035 1433 2383 1506 momentO,
2444 1422 2924 1489 continuandosi

176 1537 246 1589 10
264 1528 415 1614 pero
461 1550 707 1618 sempre
752 1531 817 1593 in
864 1531 998 1594 fare
1043 1528 1310 1617 qualche
1356 1529 1549 1613 bene,
1607 1532 1844 1618 perche
1903 1534 1968 1596 in
2016 1533 2163 1616 ogni
2208 1530 2399 1606 modo
2445 1533 2590 1595 sara
2643 1531 2923 1616 impossi-

267 1632 390 1700 bile
436 1633 552 1699 che
598 1638 742 1701 tutti
790 1637 835 1700 li
866 1637 1092 1723 prelati
1125 1637 1338 1723 d’ogni
1384 1639 1715 1724 provincia
1746 1661 1814 1702 se
1843 1639 2150 1702 ritrovino
2181 1661 2221 1702 a
2253 1637 2514 1702 calende
2560 1636 2624 1700 di
2673 1637 2924 1721 maggio

265 1744 331 1806 in
377 1742 566 1820 fatto;
613 1741 893 1807 neanche
941 1745 977 1807 ὸ
1023 1743 1319 1830 possibile
1350 1743 1468 1810 che
1511 1747 1597 1808 in'
1626 1743 1819 1810 breve
1866 1754 2077 1831 tempo
2124 1752 2284 1809 tutte
2329 1744 2387 1809 le
2418 1767 2560 1808 cose
2592 1743 2677 1807 da
2722 1764 2925 1809 essere
2945 1743 3074 1799 Mai
3113 1746 3145 1795 1

267 1856 521 1913 trattate
580 1848 680 1912 nel
742 1851 1007 1914 concilio
1068 1853 1244 1915 siano
1306 1852 1617 1938 expedite.
1690 1861 1753 1915 et
1811 1875 1850 1914 a
1894 1863 2113 1938 questo
2161 1851 2349 1915 modo
2410 1853 2460 1914 si
2516 1848 2926 1914 satisfarebbe

266 1979 306 2020 a
350 1954 628 2020 l’honore
674 1956 740 2020 di
786 1961 918 2021 Sua
964 1959 1227 2040 Santith,
1272 1957 1547 2023 l’actioni
1595 1958 1762 2022 della
1806 1957 2014 2045 quale,
2060 1966 2472 2045 quantunque
2518 1958 2927 2038 sanctissime,

178 2069 248 2123 15
267 2084 420 2128 sono
466 2062 632 2127 male
677 2065 1085 2151 interpretato
1129 2067 1193 2128 in
1226 2075 1442 2152 queste
1487 2068 1667 2152 parti.
1759 2066 1911 2152 pero
1959 2063 2243 2151 supplico
2278 2065 2352 2128 V.
2386 2063 2447 2129 S.
2481 2065 2611 2129 Rm·
2655 2065 2709 2128 si
2737 2064 2928 2149 degni

267 2170 331 2233 in
378 2169 466 2234 tal
511 2170 700 2236 modo
745 2169 790 2234 il
835 2180 996 2236 tutto
1043 2194 1360 2258 exponere
1405 2171 1530 2237 alla
1570 2172 1815 2237 Santita
1860 2173 1991 2236 Sua
2035 2170 2258 2236 ch’ella
2288 2193 2558 2235 conosca
2602 2170 2647 2236 il
2693 2172 2930 2236 scriver

266 2278 394 2342 mio
438 2277 780 2363 procedere
827 2278 911 2342 da
956 2277 1082 2343 bon
1131 2279 1459 2361 desiderio,
1508 2301 1634 2344 non
1681 2279 1767 2343 da
1814 2285 2298 2365 presumptuosa
2342 2280 2646 2343 temerita.

450 2385 754 2471 Vengono
784 2408 942 2471 pure
974 2384 1240 2472 qualche
1271 2387 1451 2465 avisi,
1493 2408 1599 2450 ma
1629 2408 1756 2450 non
1789 2387 1966 2465 certi,
2016 2385 2131 2450 che
2163 2386 2203 2449 li
2238 2383 2472 2449 Turchi
2508 2386 2929 2470 s'ingrossano

268 2513 452 2556 verso
499 2491 685 2556 Buda
743 2502 806 2556 et
865 2493 981 2556 che
1028 2494 1094 2556 vi
1152 2501 1564 2579 espettavano
1624 2492 1852 2566 alcune
1899 2492 2188 2575 masade,
2247 2492 2385 2556 cioe
2433 2490 2667 2556 barche
2726 2490 2930 2573 d’essi‚

174 2610 250 2665 20
269 2598 441 2687 quali
486 2620 779 2685 vengono
825 2600 1109 2665 incontro
1155 2598 1217 2664 al
1264 2598 1582 2665 Danubio,

446 2707 686 2771 Messer
716 2706 1032 2772 Thomaso
1065 2707 1459 2773 Cadamosco
1507 2710 1593 2772 mi
1640 2711 1845 2772 scrive
1877 2706 1992 2773 che
2037 2729 2150 2793 per
2180 2728 2374 2793 opera
2413 2703 2933 2793 principalmente

268 2813 335 2877 di
381 2813 458 2878 V.
507 2814 568 2879 S.
615 2814 744 2878 ΒΜ·
789 2838 942 2879 sono
997 2822 1160 2879 stato
1219 2823 1510 2905 exempto
1572 2814 1735 2879 delle
1794 2814 2053 2879 decime.
2145 2812 2233 2878 dil
2293 2812 2440 2893 che,
2502 2834 2680 2881 come
2726 2810 2931 2893 debio,

270 2918 462 2985 molto
508 2942 588 2984 ne
633 2921 949 3006 ringracio
995 2919 1235 3007 quella,
1296 2920 1766 2986 certificandola
1824 2920 1939 2985 che
1986 2921 2130 2984 tutti
2186 2919 2231 2984 li
2278 2918 2565 2984 beneficii
2612 2918 2727 2983 che
2773 2919 2836 2982 la
2881 2920 2933 2982 si

270 3027 479 3112 degna
523 3025 835 3092 collocare
880 3029 945 3090 in
992 3049 1111 3110 me,
1158 3050 1312 3091 sono
1359 3026 1647 3091 collocati
1692 3029 1758 3091 in
1817 3049 2086 3113 persona
2132 3024 2317 3113 quale
2374 3028 2539 3090 tiene
2585 3025 2932 3090 affettiona-

177 3146 251 3200 25
269 3135 509 3199 tissimo
570 3136 782 3199 animo
843 3144 907 3198 et
967 3132 1048 3198 ha
1109 3132 1488 3199 hereditaria
1547 3136 1786 3199 servitu
1846 3156 2029 3199 verso
2072 3133 2203 3198 Sua
2248 3131 2399 3197 Ill¹¹¹⁸
2445 3155 2608 3197 casa.
2669 3155 2774 3197 ma
2819 3154 2934 3218 per

270 3240 553 3327 singular
598 3239 936 3323 beneficio,
999 3263 1177 3305 come
1224 3238 1365 3303 nell'
1413 3239 1572 3305 altre
1617 3242 1742 3304 mie
1789 3239 1833 3305 li
1878 3241 1960 3305 ho
2007 3241 2255 3321 scrittO,
2316 3237 2418 3304 del
2477 3238 2661 3326 quale
2719 3236 2807 3324 gli
2855 3261 2934 3303 ne

268 3350 509 3413 restaro
541 3357 1055 3435 perpetuamente
1102 3347 1398 3433 obligato,
1445 3346 1855 3412 humilmente
1899 3347 1944 3411 li
1990 3346 2273 3434 supplico
2320 3348 2372 3410 si
2418 3346 2610 3431 degni
2655 3354 2934 3410 ottcnere

269 3457 477 3542 gratia
522 3455 607 3519 da
652 3453 883 3519 Nostro
931 3455 1194 3540 Signore
1241 3454 1400 3520 ch’io
1448 3477 1631 3541 possa
1677 3448 2012 3519 ritornare'
2045 3455 2110 3518 in
2170 3452 2356 3518 Italia
2402 3476 2439 3517 o
2486 3475 2526 3516 a
2569 3474 2695 3516 uno
2742 3451 2931 3515 modo

271 3586 310 3627 o
355 3585 396 3625 a
439 3559 660 3644 l’altr0‚
708 3584 885 3626 come
931 3563 1038 3646 gia
1083 3560 1164 3625 ho
1211 3562 1424 3626 scritto
1471 3585 1510 3625 a
1559 3561 1633 3627 V.
1681 3562 1741 3627 S.
1789 3561 1937 3644 Bm,
1982 3562 2049 3625 in
2094 3560 2265 3625 bona
2307 3562 2516 3646 gratia
2559 3564 2663 3623 etc.

175 3698 253 3751 30
450 3686 537 3750 Di
585 3687 795 3772 Praga
841 3685 946 3750 alli
998 3699 1071 3752 11
1126 3687 1191 3751 di
1240 3684 1491 3751 febraro
1542 3697 1730 3754 1538.
2952 3682 3095 3737 Fbr·
3133 3686 3195 3736 11

276 3992 389 4058 78.
482 3990 751 4055 Morene
805 4011 895 4053 an
949 3990 1270 4055 Far-nese:
1338 3990 1639 4072 Ankunft
1697 3989 1813 4053 der
1873 3987 2222 4053 Nachricht
2277 4008 2413 4051 vom
2458 3985 2782 4067 Abschlust
2826 3985 2936 4048 der
2955 3985 3096 4039 Pbr-
3132 3987 3209 4039 25

284 4095 678 4180 Tit'rkenliya
726 4097 925 4161 durch
971 4098 1093 4161 den
1126 4096 1363 4177 Papst;
1410 4096 1875 4178 Darbrinyuny
1922 4096 2034 4160 der
2073 4092 2565 4160 Gliickwiinsche
2610 4093 2717 4157 des
2750 4092 2937 4156 Nun-

272 4205 404 4268 tius
449 4224 541 4268 an
585 4203 704 4268 den
749 4205 968 4287 Ko'm'y
1012 4205 1131 4268 mit
1160 4204 1339 4268 Bitte
1385 4203 1524 4268 lant
1568 4204 1681 4267 der
1730 4203 1899 4284 Liya
1932 4201 2119 4283 Hilfe
2163 4202 2237 4265 in
2281 4201 2546 4283 Unyarn
2587 4219 2670 4266 zu
2698 4197 2934 4264 stelkn.

288 4310 836 4393 Versprechunyen
880 4312 991 4375 des
1019 4311 1289 4393 Kc'iniys,
1337 4311 1449 4375 der
1492 4309 1658 4374 nach
1689 4309 2016 4393 Abschltfi
2061 4309 2170 4373 des
2209 4306 2719 4372 bevorstehenden
2748 4305 2938 4371 Frie-

179 4428 254 4484 35
274 4419 430 4483 dens
473 4419 590 4482 mit
635 4419 775 4483 dem
835 4417 1175 4483 Woivoden
1230 4418 1301 4480 in
1360 4416 1472 4480 der
1519 4416 1692 4497 Laye
1749 4416 1890 4479 sein
1949 4415 2118 4479 wird
2178 4412 2490 4479 statiliche
2534 4412 2940 4494 Streitkriifi'e

276 4524 711 4608 aufzustellen.
819 4525 1018 4592 Ueber
1061 4526 1198 4589 eine
1245 4524 1379 4588 dem
1430 4524 1665 4604 Papste
1708 4522 2208 4604 zuyeschriebene
2253 4520 2691 4602 befremdliche
2721 4508 2939 4599 Auste-

276 4653 445 4715 runy
490 4633 565 4696 in
612 4632 915 4697 IIinsicht
961 4633 1073 4697 der
1118 4631 1590 4716 Riickfic‘hruny
1651 4630 1766 4695 der
1810 4629 2215 4695 Lutheraner
2257 4650 2377 4695 zur
2423 4627 2680 4693 Kirche.
2773 4626 2940 4690 1538

276 4740 573 4808 Februar
617 4741 703 4809 25
748 4740 942 4825 Pray.
