3500 5300
1257 350 1355 406 Na
1395 352 1493 405 29:
1539 352 1671 407 1537
1709 352 1854 406 Miirz
1896 355 1978 408 16.
2847 355 2950 415 129

285 542 629 608 l'elettione
676 543 741 609 di
797 552 1022 629 questo
1083 568 1152 610 re
1199 546 1301 611 nel
1348 568 1545 631 regno
1591 545 1672 610 de
1719 547 2016 626 Romani,
2074 546 2452 613 adducendo
2512 574 2722 615 essere
2778 560 2946 616 stato
3019 554 3159 606 1537

283 659 575 715 mancato
622 649 706 716 da
751 650 1172 736 l’imperatore
1219 653 1286 719 in
1331 653 1525 718 molte
1572 675 1915 738 promesse.
2007 654 2066 718 le
2113 656 2259 740 qual
2320 678 2469 720 cose
2527 655 2735 721 danno
2964 623 3107 678 Mn·
3143 628 3214 678 16

282 758 634 841 suspitione
694 757 814 823 che
875 757 1134 842 voglino
1193 760 1409 823 venire
1479 759 1601 824 alle
1672 762 1863 839 armi3
1934 761 2073 824 anzi
2137 763 2190 825 si
2249 764 2421 827 tiene
2480 785 2596 848 per
2649 773 2824 827 certo
2882 764 2945 827 lo

281 978 564 1042 vorstius:
601 980 709 1042 no‘n
757 1002 880 1042 sum
916 987 1184 1059 sophista,
1221 989 1316 1043 sed
1348 990 1560 1060 jurium
1599 989 1795 1045 doctor
1830 997 2060 1062 paratus
2096 992 2402 1047 studiorum
2442 1010 2683 1048 meorum
2720 993 2946 1048 reddere

227 1078 262 1132 5
281 1076 548 1130 rationem
586 1084 691 1131 etc.

423 1163 613 1223 Nostri
649 1164 774 1236 [am
807 1165 1008 1220 Raude
1063 1183 1170 1221 von
1218 1166 1494 1223 derselben
1529 1167 1709 1223 Hand
1745 1167 2250 1240 Nurmbergenses]
2285 1187 2504 1241 quoque
2554 1188 2613 1225 se
2659 1178 2944 1243 suspectos

279 1254 562 1309 reddidere
611 1254 683 1308 ob
733 1262 979 1310 mutuam
1028 1254 1458 1309 familiaritatem
1510 1273 1636 1311 cum
1687 1256 1836 1311 illius
1884 1257 2080 1311 aulicis
2127 1264 2184 1312 et
2234 1275 2269 1312 a
2305 1258 2580 1330 plerisque
2622 1260 2947 1330 judicantur

278 1343 602 1398 vacillantes
649 1360 718 1398 ac
766 1344 814 1398 si
875 1344 1174 1415 respiciant
1224 1345 1294 1398 ad
1344 1344 1633 1400 ecclesiam
1699 1346 1963 1417 illamque
2014 1347 2191 1417 magis
2244 1346 2481 1417 probent
2528 1365 2694 1420 quam
2744 1355 2942 1404 sectas.

278 1440 450 1504 auget
496 1432 855 1503 suspitionem
903 1433 1051 1505 quod
1100 1433 1429 1488 diabolicam
1462 1433 1610 1488 illam
1650 1435 2092 1507 intelligentiam,
2130 1435 2323 1490 foedus
2360 1437 2573 1492 scilicet
2608 1435 2944 1508 Guelphum,

190 1530 262 1585 10
280 1530 395 1577 tam
423 1522 781 1593 pertinaciter
815 1530 1073 1577 recusant
1109 1539 1234 1578 cum
1268 1521 1786 1594 Brandenburgensi
1825 1523 2069 1595 Georgio
2105 1524 2246 1581 duce
2276 1525 2593 1597 Lignicensi
2633 1532 2689 1580 et
2725 1525 2943 1596 oppidis

279 1610 462 1666 Hallis
511 1610 786 1666 Hailbrun
835 1610 1235 1682 Weissenburg
1283 1610 1594 1667 Winshaim
1644 1620 1770 1681 etc.,
1830 1612 1976 1667 unde
2022 1629 2058 1667 a
2112 1616 2339 1670 secretis
2387 1615 2630 1669 consiliis
2675 1622 2943 1685 perpetuo

279 1708 411 1757 sunt
446 1700 670 1755 exclusi.

423 1788 714 1844 Petierunt
741 1788 1012 1859 conjurati
1051 1794 1114 1843 ut
1149 1789 1246 1860 qui
1283 1796 1411 1859 post
1437 1805 1634 1860 pacem
1661 1788 2044 1862 Nurmbergae
2073 1791 2257 1845 datam
2287 1808 2474 1845 eorum
2511 1797 2694 1846 sectae
2722 1791 2942 1846 nomina

277 1877 575 1945 dedissent,
611 1878 669 1932 ia
705 1877 803 1931 illa
839 1878 960 1947 ipsa
996 1894 1132 1947 pace
1170 1877 1604 1949 includerentur,
1650 1878 1799 1949 quod
1836 1886 2021 1933 orator
2055 1878 2358 1934 Caesareus
2395 1880 2712 1948 permittere
2748 1879 2939 1934 noluit.

188 1974 260 2029 15
278 1973 505 2022 cautum
542 1974 730 2022 autem
764 1974 851 2021 est
885 1966 1031 2021 inter
1064 1983 1158 2022 eos
1195 1974 1459 2038 quantam
1497 1967 1732 2038 quisque
1760 1968 2058 2038 ‚pecuniam
2106 1968 2254 2038 apud
2293 1966 2655 2038 Argentinam
2702 1967 2942 2037 deponat

263 2058 336 2112 ·in
373 2057 649 2126 praesenti
697 2062 755 2110 et
802 2060 1069 2126 quantum
1115 2055 1415 2110 exercitum
1448 2056 1594 2110 alere
1614 2099 1627 2123 ‚
1677 2056 1725 2109 si
1774 2056 1901 2127 quis
1946 2058 2353 2126 conjuratorum
2403 2056 2724 2110 molestatus
2773 2055 2942 2111 fuerit

277 2146 445 2201 etiam
491 2162 589 2216 per
636 2145 964 2200 sententiam
1006 2144 1203 2215 judicii
1252 2144 1564 2215 imperialis.
1638 2144 1922 2200 decretum
1956 2151 2062 2199 ’est
2098 2144 2245 2215 apud
2295 2162 2388 2199 eos
2437 2144 2662 2199 turbato
2700 2145 2841 2199 sotio
2877 2151 2941 2199 ut

277 2235 596 2305 conjuratus
633 2234 868 2305 quisque
905 2233 1209 2303 proximum
1246 2233 1596 2289 catholicum
1631 2233 1798 2287 armis
1835 2232 2206 2304 adgrediatur.
2281 2233 2463 2289 omnia
2508 2233 2580 2286 ad
2617 2232 2939 2288 seditionem

276 2329 558 2394 spectant,
609 2322 783 2377 solum
837 2322 991 2376 deest
1044 2322 1274 2375 honesta
1335 2322 1587 2385 occasio;
1645 2322 1857 2376 interea
1915 2321 2244 2392 irrequietus
2297 2321 2389 2375 ille
2424 2320 2637 2375 Hessus
2690 2337 2833 2392 quae
2868 2322 2939 2375 ad

182 2410 484 2471 20bellum
543 2410 853 2479 necessaria
909 2416 1040 2464 sunt
1092 2416 1269 2481 parat.
1357 2417 1486 2465 sunt
1548 2410 1644 2481 qui
1697 2409 2054 2465 Leodiensem
2104 2410 2372 2465 luiturum
2422 2409 2644 2478 timent,
2703 2411 2836 2481 quia
2883 2410 2939 2464 in

275 2499 513 2554 comitiis
551 2496 1001 2569 Augustensibus
1038 2497 1186 2552 hunc
1223 2498 1440 2553 fatuum
1478 2497 1678 2552 dixerit
1716 2504 1774 2553 et
1808 2499 2105 2569 perjurum.

419 2587 661 2642 Ventum
713 2593 801 2641 est
853 2587 922 2641 ad
979 2586 1198 2643 concilii
1253 2588 1534 2642 rationem.
1628 2593 1930 2642 causantur
1984 2586 2216 2642 rebelles
2269 2582 2598 2659 promissum
2653 2586 2758 2643 hoc
2819 2604 2941 2642 esse

275 2677 592 2740 Almaniae;
630 2684 904 2749 negarunt
930 2684 1191 2732 strennue
1218 2684 1478 2732 oratores.
1538 2676 1733 2748 Spirae
1762 2676 1983 2748 quidem
2020 2677 2258 2747 petitum
2294 2684 2351 2731 ct
2380 2676 2698 2748 Augustam
2734 2677 2939 2734 Caesar

273 2767 496 2838 quidem
524 2782 719 2837 operas
755 2782 884 2820 suas
919 2773 1006 2821 est
1040 2766 1350 2838 pollicitus;
1388 2767 1483 2840 sed
1520 2765 1702 2821 locum
1738 2767 1881 2820 dixit
1909 2764 2257 2836 deligendum
2292 2782 2401 2819 non
2440 2766 2599 2821 modo
2627 2766 2937 2835 Germanis,

180 2857 372 2914 25sed
400 2855 668 2910 universis
694 2853 951 2909 fidelibus
980 2855 1342 2922 commodum,
1379 2864 1548 2926 atque
1585 2855 1723 2909 alias
1760 2854 1795 2907 4
1821 2854 2074 2909 civitates
2101 2853 2407 2909 nominasse
2444 2871 2544 2925 pro
2579 2855 2616 2908 4
2642 2855 2936 2909 nominatis

272 2943 348 2998 ab
404 2944 484 2998 eis
546 2944 603 2997 in
657 2942 956 2999 Germania
975 2985 990 3011 ,
1059 2945 1274 2999 scilicet
1329 2943 1633 2998 Bononiam
1688 2942 2034 2997 Placentiam
2092 2941 2461 2997 Mediolanum
2517 2950 2575 2998 et
2630 2943 2933 2998 Mantuam.

273 3038 576 3088 causantur
623 3031 908 3086 Mantuam
953 3049 1063 3086 non
1109 3048 1230 3086 esse
1285 3035 1480 3086 tutam.
1567 3031 1967 3102 responderunt
2003 3036 2278 3085 oratores:
2328 3037 2384 3085 et
2433 3032 2556 3102 quis
2593 3031 2936 3087 assecurabit

272 3118 590 3192 pontificem
626 3121 682 3175 in
719 3113 1057 3177 Germania?
1128 3137 1232 3191 ego
1269 3120 1531 3191 promitto
1546 3161 1560 3187 ,
1605 3120 1688 3175 ait
1723 3119 2114 3187 Caesarianus,
2166 3125 2224 3174 et
2269 3117 2439 3174 offero
2476 3118 2630 3174 vobis
2677 3121 2935 3175 daturum

273 3210 566 3266 Caesarem
633 3208 808 3264 libere
871 3209 1082 3264 salvum
1138 3210 1472 3266 conductum
1535 3209 1700 3264 eundi
1756 3216 1925 3280 atque
1988 3207 2249 3263 redeundi
2304 3208 2471 3279 idque
2524 3215 2935 3279 praestaturum

179 3298 565 3358 300aesarem
601 3300 733 3356 totis
770 3298 993 3353 viribus.
1067 3299 1249 3353 venite
1305 3298 1571 3353 rationem
1621 3297 1885 3352 reddituri
1925 3297 2210 3353 doctrinae
2254 3304 2470 3352 vestrae
2518 3298 2771 3352 universo
2807 3314 2932 3352 con-

273 3388 429 3456 cilio,
483 3387 630 3459 quod
679 3388 842 3442 toties
877 3387 1230 3459 appellastis,
1278 3404 1458 3459 neque
1494 3404 1622 3458 egre
1658 3386 1802 3442 feret
1839 3386 2100 3447 Carolus:
2138 3385 2428 3457 producite
2465 3393 2659 3441 contra
2695 3385 2931 3440 Paulum

271 3461 587 3546 pontificem
638 3476 684 3530 si
735 3475 868 3547 quid
918 3475 1137 3530 habetis
1188 3476 1273 3529 vel
1328 3476 1575 3546 potestis.
1651 3481 1707 3530 et
1756 3492 1823 3529 ne
1861 3475 1963 3529 sim
2002 3475 2292 3529 molestus:
2344 3474 2609 3545 quicquid
2660 3474 2931 3545 conjurati

270 3572 542 3637 arguunt,
592 3581 937 3637 quocumque
988 3564 1326 3636 suffugiunt,
1374 3570 1560 3636 presto
1607 3571 1694 3619 est
1742 3569 1957 3630 orator,
2005 3564 2189 3617 omnia
2223 3563 2384 3617 diluit
2431 3562 2635 3617 refellit
2680 3563 2933 3617 hortatur

271 3662 476 3722 monet,
503 3661 566 3709 ut
592 3653 942 3709 vehementer
972 3654 1300 3709 mirarentur
1327 3669 1515 3708 omncs
1542 3659 1753 3708 tantam
1784 3653 2017 3707 hominis
2043 3652 2426 3706 dexteritatem
2456 3652 2734 3723 ingenium
2763 3659 2933 3723 atque

181 3746 253 3800 35
271 3742 618 3815 prudentiam
655 3744 736 3798 ita
769 3749 1244 3812 extemporaneam
1281 3749 1346 3797 ut
1381 3742 1797 3812 suspicarentur
1831 3758 2054 3796 suorum
2091 3741 2442 3795 consiliorum
2479 3741 2848 3796 revelatorem.

414 3831 524 3886 Sed
567 3831 653 3886 his
704 3849 812 3887 non
848 3829 1205 3887 obstantibus
1241 3830 1628 3886 concluserunt
1674 3847 1731 3884 se
1770 3829 1912 3884 nolle
1949 3829 2172 3884 visitare
2221 3830 2514 3884 concilium
2551 3829 2928 3884 Mantuanum.

269 3929 399 3992 post
423 3920 598 3976 multa
631 3927 842 3975 tantam
871 3920 1198 3975 concordiae
1235 3919 1466 3976 letitiam
1505 3918 1676 3974 ferme
1721 3917 2004 3974 turbasset
2031 3917 2236 3972 Luderi
2273 3935 2437 3987 mors,
2474 3918 2569 3990 qui
2607 3935 2673 3973 eo
2708 3926 2932 3973 venerat

267 4008 614 4081 principibus
650 4007 1048 4064 officiosissime
1084 4025 1208 4063 eum
1247 4007 1614 4063 visitantibus.
1694 4007 1970 4062 commisit
2016 4009 2304 4078 conjugem
2356 4015 2413 4061 et
2450 4008 2693 4078 quinque
2729 4005 2929 4061 liberos

268 4099 398 4154 duci
436 4114 551 4153 suo.
626 4097 769 4153 Saxo
803 4097 1088 4168 respondit
1123 4114 1251 4152 suos
1289 4097 1524 4152 futuros.
1581 4097 1700 4166 ipse
1738 4095 1845 4150 sibi
1882 4096 1987 4150 hoc
2024 4096 2366 4166 epitaphium
2403 4096 2683 4167 prospexit

177 4185 252 4243 40
791 4179 1013 4241 'Versus
1049 4203 1204 4242 amor
1238 4185 1426 4241 mundi
1464 4193 1636 4256 caput
1671 4191 1757 4240 est
1793 4193 1851 4240 et
1888 4184 2067 4240 bestia
2103 4177 2300 4239 terrae.

805 4275 979 4331 Vivus
1014 4291 1164 4331 eram
1200 4275 1395 4346 pestis,
1431 4282 1680 4330 mortuus
1716 4291 1810 4329 ero
1848 4290 1993 4328 mors
2029 4281 2143 4341 tua,
2179 4290 2342 4344 papa.

268 4365 481 4422 Vectus
508 4371 593 4420 est
619 4365 691 4420 ad
717 4365 902 4420 villam
930 4363 1218 4420 Tambach
1247 4370 1312 4418 ut
1347 4364 1492 4419 inter
1520 4380 1648 4418 suos
1685 4369 2005 4431 moreretur,
2041 4378 2166 4416 nam
2197 4361 2588 4417 Smalckhaldii
2620 4362 2927 4432 Zvingliani

268 4463 400 4509 ³¹¹¹st
413 4461 613 4598 git-:tor
639 4541 1002 4598 Caesarianus
1029 4542 1193 4613 petiit
1228 4541 1507 4612 exemplar
1532 4558 1723 4596 eorum
1751 4540 1914 4612 ligae,
1953 4540 2047 4595 sed
2075 4540 2443 4611 denegarunt3
2482 4539 2714 4609 palliant
2742 4539 2925 4610 ligam,

176 4632 343 4686 45⁸st
378 4631 659 4686 defensiva
693 4638 750 4686 et
785 4631 914 4686 talis
950 4647 1093 4702 quae
1129 4647 1316 4686 coram
1343 4629 1465 4686 Deo
1500 4638 1558 4686 et
1595 4630 1909 4685 hominibus
1949 4629 2250 4685 subsistere
2286 4629 2478 4700 possit.
2536 4627 2677 4682 Saxo
2715 4627 2925 4682 Hessus

266 4726 325 4774 et
360 4719 871 4791 Brandeburgensis
927 4736 1052 4774 cum
1104 4720 1228 4775 aliis
1274 4720 1605 4775 conveniunt
1654 4719 1708 4774 in
1745 4719 1895 4775 Seitz
1944 4719 2147 4791 oppido
2199 4718 2443 4788 episcopi
2491 4716 2925 4789 Niimburgensis

374 4824 986 4874 unnttnturteriohte.
1014 4832 1132 4867 onte
1159 4824 1442 4877 amenum.
1469 4825 1547 4867 aa.
1577 4824 1635 4868 11.
2467 4813 2500 4858 9
