3500 5300
534 337 639 398 178
1534 336 1633 392 Nc.
1671 336 1767 391 44:
1807 335 1943 391 1537
1980 334 2108 390 Juni
2146 335 2196 389 4.

340 541 480 593 1537
533 539 748 620 signor
791 535 1009 600 Pietro
1056 533 1306 598 Aluisio
1363 542 1555 618 tenga
1613 534 1725 619 piu
1786 539 1977 596 conto
2035 530 2104 596 di
2158 531 2327 596 colui
2385 552 2424 595 a
2477 537 2644 594 torto
2703 528 2822 595 01ιο
2882 527 2951 593 (11
3009 529 3104 593 lui
3163 552 3204 592 a

298 610 516 664 Junia

532 645 808 729 ragione.
898 640 1183 728 parendo
1228 663 1268 705 a
1311 639 1400 708 V.
1448 639 1513 705 8.
1557 639 1698 705 fare
1741 636 1995 726 qualeh’
2026 638 2241 704 officio
2285 639 2352 702 in
2397 645 2624 724 questa
2670 658 2864 703 causa
2906 658 3032 701 con
3064 634 3206 701 Sua

530 749 929 816 Eecessentia
984 770 1176 815 senza
1232 746 1427 813 dame
1484 746 1750 812 fastidio
1811 769 1850 811 a
1893 744 2134 811 Nostro
2195 743 2492 830 signore,
2552 742 2746 810 credo
2805 746 2972 812 saria
3027 742 3204 808 bene

531 866 596 923 et
640 878 902 944 operare
948 854 1068 921 01ιο
1114 854 1281 920 colui
1328 854 1596 920 cedesse
1641 876 1679 918 a
1737 851 1950 940 quella
2005 851 2158 917 data
2210 860 2568 938 provenuta
2625 859 2690 917 et
2746 873 2786 915 a
2827 849 3032 915 l’altre
3098 872 3204 915 ra-

527 966 700 1049 81001
746 986 879 1042 sue,
924 972 991 1027 et
1033 985 1151 1048 per
1192 970 1433 1048 quanto
1478 959 1562 1026 ho
1592 968 1860 1048 possuto
1905 957 2380 1047 comprendere,
2423 960 2538 1045 piu
2584 980 2702 1045 per
2742 956 3029 1022 l'honore
3077 956 3204 1022 che
3260 967 3295 1021 5

530 1093 648 1157 per
690 1069 941 1136 l'utilita
984 1077 1212 1155 questo
1256 1067 1344 1153 gli
1390 1070 1558 1133 saria
1597 1068 1976 1153 gratissimo.

707 1176 766 1241 Il
812 1174 1106 1263 predetto
1153 1174 1368 1240 dottor
1410 1173 1704 1262 supplica
1730 1173 1971 1239 Nostro
2003 1170 2270 1260 Signore
2317 1175 2413 1238 sia
2456 1180 2764 1238 contento
2807 1171 2956 1237 farli
2993 1173 3204 1257 gratia

531 1282 722 1348 d’uno
767 1282 1013 1349 indulto
1058 1283 1263 1348 simile
1309 1304 1348 1346 a
1401 1290 1628 1368 questo
1673 1284 1784 1368 qui
1831 1279 2092 1367 alligato
2122 1285 2196 1362 ¹),
2255 1279 2432 1366 qual,
2491 1301 2672 1345 come
2730 1277 2907 1360 dice,
2966 1289 3200 1365 sponte

529 1390 618 1476 gli
661 1391 734 1456 fu
780 1412 1087 1455 concesso
1132 1388 1216 1454 da
1259 1411 1429 1476 papa
1474 1388 1805 1454 Clemente
1851 1385 1918 1453 di
1961 1388 2133 1453 bona
2175 1389 2482 1453 memoria
2537 1395 2602 1452 et
2655 1407 2782 1450 non
2826 1384 2913 1451 ha
2955 1385 3200 1451 havuto

533 1496 753 1564 effetto
815 1497 1042 1562 alcuno
1111 1519 1228 1583 per
1286 1518 1461 1561 esser
1527 1517 1779 1582 sempre
1845 1503 2015 1560 stato
2082 1495 2346 1560 absente
2407 1493 2492 1559 da
2544 1492 2908 1559 Germania.
3001 1515 3202 1580 [ιι-080
3224 1499 3294 1554 10

532 1603 622 1672 V.
668 1602 733 1670 8.
791 1607 889 1669 sia
932 1612 1231 1670 contenta
1286 1603 1427 1668 fare
1483 1601 1634 1668 bon’
1691 1602 1909 1667 officio
1968 1623 2276 1689 appresso
2323 1600 2456 1667 Sua
2498 1600 2750 1666 Santita
2764 1649 2781 1680 ,
2837 1600 3076 1687 perche
3133 1603 3199 1665 in

532 1733 688 1776 vero
734 1711 797 1776 la
839 1710 1080 1797 qualita
1124 1718 1190 1775 et
1232 1708 1430 1795 grado
1479 1708 1561 1774 de
1606 1710 1669 1774 la
1714 1730 1990 1796 persona
2033 1708 2172 1774 fara
2206 1709 2327 1774 che
2371 1710 2581 1795 questi
2625 1708 2920 1773 beneficii
2967 1707 3036 1772 di
3067 1705 3202 1773 Sua

534 1817 785 1883 Santita
829 1839 1054 1884 sarano
1079 1817 1393 1904 ‘collocati
1438 1817 1770 1882 utilmente
1826 1838 1944 1903 per
1998 1816 2062 1881 la
2120 1814 2272 1880 sede
2332 1815 2702 1903 apostolica.
2795 1825 2863 1880 et
2918 1814 3200 1880 volendo

534 1923 667 1990 Sua
722 1923 973 1990 Santita
1030 1924 1174 1989 farli
1234 1932 1461 2010 questa
1523 1925 1761 2009 gratia,
1813 1921 1903 1989 V.
1951 1922 2015 1988 8.
2083 1928 2271 2009 potra
2336 1917 2439 1987 far
2503 1921 2623 1986 che
2692 1924 2871 1987 siano
2936 1921 3202 1987 lasciate

531 2031 741 2117 quelle
808 2031 1088 2096 clausule
1145 2030 1315 2117 quali
1382 2052 1540 2095 sono
1607 2032 1844 2115 rigate,
1911 2028 2146 2117 perche
2213 2028 2406 2116 quelli
2474 2028 2685 2094 hanno
2751 2028 2993 2094 havuto
3062 2028 3204 2093 l’in-
3223 2035 3296 2088 15

533 2147 711 2204 tento
757 2160 893 2204 suo.

710 2245 821 2310 Ha
865 2266 1098 2310 ancora
1141 2243 1381 2309 havuto
1428 2243 1512 2309 da
1556 2244 1618 2309 la
1663 2241 1941 2310 Cesarea
1985 2243 2242 2310 Maesta
2285 2266 2402 2331 per
2449 2266 2534 2308 un
2580 2265 2698 2309 suo
2741 2246 2962 2330 nipote
3023 2243 3204 2309 chia-

532 2362 704 2417 mato
748 2345 1031 2417 Mich'ele
1077 2349 1275 2416 Gillio
1336 2360 1465 2419 300
1525 2350 1743 2416 ducati
1801 2350 1870 2415 di
1928 2352 2236 2438 pensione
2293 2373 2484 2437 sopra
2540 2373 2667 2416 uno
2725 2360 3077 2416 vescovato
3139 2359 3204 2415 et

534 2459 847 2524 vorrebbe
909 2456 1212 2545 expedire
1270 2458 1331 2523 10
1390 2457 1589 2540 holle,
1657 2467 1725 2522 et
1780 2458 2072 2544 supplica
2139 2457 2271 2523 Sua
2313 2455 2565 2523 Santita
2629 2456 2719 2542 gli
2786 2457 3002 2543 voglia
3060 2456 3204 2523 fare

533 2569 739 2653 gratia
794 2566 874 2632 de
928 2565 991 2629 la
1045 2567 1505 2653 compositione
1563 2574 1629 2630 et
1685 2564 1830 2630 dice
1877 2565 1995 2630 che
2042 2564 2614 2631 confidentemente
2672 2567 2918 2630 ricerca
2973 2574 3206 2652 quaeta
3223 2570 3296 2624 20

533 2676 735 2759 gratia
779 2672 863 2738 da
908 2674 1040 2739 Sua
1084 2673 1495 2738 Beatitudine
1540 2695 1667 2738 non
1713 2673 1851 2738 solo
1897 2695 2014 2760 per
2058 2673 2103 2737 li
2149 2675 2394 2739 servitii
2441 2675 2681 2760 passati
2697 2722 2715 2753 ,
2771 2696 2878 2738 ma
2920 2672 3204 2738 anchora

532 2803 649 2867 per
690 2780 737 2845 il
783 2781 951 2846 bono
998 2779 1319 2846 desiderio
1364 2780 1485 2845 che
1530 2781 1701 2845 tiene
1756 2803 1873 2866 per
1927 2779 2230 2846 l’avenire
2291 2803 2481 2846 verso
2527 2779 2661 2846 Sua
2705 2779 2956 2845 Santita
3015 2790 3082 2845 et
3141 2781 3203 2846 la

533 2886 687 2952 sede
733 2887 1100 2974 apostolica.

712 2993 1088 3079 Monsignor
1131 2991 1198 3059 di
1243 2993 1505 3061 Vienna
1551 2993 1849 3059 desidera
1892 2994 2013 3060 che
2057 2994 2297 3059 Nostro
2344 2993 2612 3079 Signore
2657 2994 2868 3061 faccia
2927 2995 2974 3059 il
3019 3018 3205 3061 man-

536 3100 688 3166 dato
734 3100 814 3166 de
861 3100 1261 3188 providendo
1319 3100 1424 3166 nel
1482 3102 1918 3187 protonotario
1975 3098 2239 3166 Gabriel
2297 3099 2541 3186 Sanges
2553 3150 2573 3181 ‚
2631 3101 2950 3169 residente
3011 3110 3202 3184 costi,
3221 3105 3291 3159 25

534 3229 716 3273 come
759 3210 872 3294 piu
917 3207 1303 3293 largamente
1350 3206 1439 3275 V.
1487 3206 1550 3272 S.
1597 3207 1682 3273 da
1726 3230 1871 3274 esso
1917 3214 2104 3295 potra
2147 3207 2492 3273 intendere.
2583 3231 2687 3273 ma
2729 3210 2840 3296 piu
2902 3209 3202 3275 desidera

534 3313 656 3380 che
714 3312 847 3378 Sua
888 3312 1140 3379 Santita
1196 3313 1485 3380 vacando
1543 3315 1814 3401 qualche
1876 3316 2280 3403 prepositura
2335 3316 2401 3378 in
2459 3324 2682 3401 queste
2743 3318 2910 3404 parti
2930 3366 2944 3395 ,
3004 3317 3200 3403 gliela

536 3419 822 3487 conceda
894 3430 961 3487 et
1031 3423 1139 3508 poi
1204 3421 1449 3487 rivochi
1510 3421 1554 3486 il
1613 3422 1914 3488 mandato
1970 3421 2053 3488 de
2110 3420 2543 3509 providendo,
2603 3432 2669 3488 et
2725 3421 3020 3489 desidera
3077 3424 3200 3491 che

537 3525 604 3593 di
648 3536 874 3614 questo
922 3528 1051 3592 Sua
1096 3526 1346 3593 Santita
1388 3526 1498 3593 dia
1542 3527 1761 3593 ordine
1808 3528 1868 3593 al
1914 3529 2160 3594 datar-io
2175 3578 2192 3609 ,
2251 3529 2553 3595 accioche
2598 3552 2725 3595 non
2770 3532 2868 3596 sia
2924 3529 3010 3596 da
3051 3532 3198 3597 altri

535 3642 905 3722 prevenuto.
3218 3639 3293 3694 30

712 3739 824 3808 Ho
894 3741 1044 3807 dato
1102 3742 1148 3806 il
1207 3742 1405 3807 breve
1473 3742 1530 3807 al
1596 3742 1858 3808 Nausea
1883 3743 1929 3824 ²)
1942 3791 1959 3823 ,
2027 3743 2175 3829 qual
2241 3743 2700 3811 infinitamente
2765 3745 3201 3830 ringratiando

682 3918 726 3986 ¹)
764 3919 980 3976 Findet
1014 3921 1133 3976 sich
1166 3921 1339 3977 nicht.

681 4008 727 4080 ²)
764 4009 887 4064 Eia
920 4010 1043 4064 sehr
1073 4009 1463 4079 ysachraubter
1494 4010 1923 4081 phrasenhaner
1959 4009 2288 4078 Dankbrief
2305 4011 2581 4067 Nauaea’s
2616 4029 2734 4069 vom
2768 4017 2840 4068 10
2877 4013 3023 4069 ,Rani
3058 4018 3204 4070 1537

536 4114 641 4154 aua
677 4098 831 4168 Ρναρ
865 4115 946 4152 cm
980 4098 1261 4153 Rioalcati
1296 4100 1361 4152 in
1396 4098 1623 4169 Neapel,
1661 4098 1828 4155 Oarte
1855 4099 2080 4155 Fames.
2113 4099 2272 4156 Fasc.
2303 4101 2408 4156 725
2442 4100 2623 4172 Gay„-
2657 4102 2988 4174 beschddt‘qt.
3053 4106 3203 4160 Διω-

533 4203 642 4257 suq
697 4203 803 4242 aus
855 4187 1028 4242 dotem
1073 4186 1267 4255 Briefe
1304 4188 1576 4244 desselben
1610 4206 1691 4243 cm
1725 4188 1834 4244 den
1862 4188 2040 4259 Papst
2075 4205 2181 4244 auc
2219 4189 2373 4260 Pray
2410 4207 2533 4246 vom
2573 4191 2806 4247 15Juni
2839 4192 2906 4246 ιὀι
2939 4184 3294 4260 Floram&

535 4275 702 4332 Arch.
740 4275 802 4329 di
836 4273 1183 4332 Statocarte
1214 4276 1538 4333 corviniane
1574 4277 1730 4333 Filza
1765 4279 1801 4333 4
1837 4296 1917 4333 nr.
1971 4280 2104 4334 161:
2142 4280 2217 4334 N.
2254 4279 2492 4334 bedankt
2525 4280 2644 4336 sich
2676 4279 2775 4346 flu·
2809 4282 2931 4337 eine
2958 4281 3206 4338 staden

533 4382 641 4422 von
674 4368 786 4419 100
824 4364 1044 4420 Galam
1079 4383 1186 4422 aus
1222 4367 1329 4422 den
1362 4366 1724 4435 Einkwnften
1762 4367 1860 4423 der
1894 4367 2073 4425 durch
2107 4368 2219 4423 den
2248 4368 2368 4424 Tod
2389 4367 2499 4436 ΜΤ.
2519 4369 2844 4425 mdo-ictus
2877 4371 3203 4427 vonBron-

537 4454 785 4523 denham
822 4457 964 4508 1536
996 4454 1296 4526 orkdiyten
1350 4456 1474 4511 nmd
1526 4474 1633 4513 von
1685 4458 1785 4513 dor
1821 4458 1989 4514 Cum
2040 4456 2139 4524 sila·
2185 4456 2465 4514 Gurdinal
2495 4459 2738 4515 Famae
2789 4459 2857 4513 in
2893 4460 3080 4515 Bait:
3113 4479 3205 4532 90·

535 4559 854 4600 nommenen
892 4542 1146 4614 Propstei
1197 4561 1308 4600 von
1370 4546 1694 4617 Wiiruburq,
1748 4547 1959 4604 achickt
2011 4548 2131 4602 eine
2184 4546 2360 4602 lekino
2403 4547 2785 4618 Abhandlunq
2837 4548 3207 4607 Homiliatica

535 4632 810 4705 Apologia
846 4640 1038 4689 contra
1073 4633 1454 4691 schismaticos
1490 4636 1612 4690 und
1645 4636 1949 4705 veram-ioht
1984 4636 2303 4691 demnacloet
2349 4637 2442 4690 ein
2481 4633 2740 4707 grastera
2788 4637 2954 4693 ἶνα-ὲ
2989 4638 3206 4697 Rerum
3224 4639 3297 4694 40

537 4721 924 4777 Conciliarium
959 4739 1030 4777 zu
1046 4720 1265 4791 senam,
1304 4722 1599 4779 sanctitati
1626 4725 1860 4780 Vestrae
1891 4725 2174 4797 sigillatim
2202 4725 2532 4796 dedicatum,
2568 4726 2624 4781 in
2644 4743 2755 4798 quo
2770 4744 2874 4799 per
2890 4728 3208 4801 scripturas
