3500 5300
600 360 701 421 158
1605 362 1705 417 No,
1743 365 1838 417 38:
1881 362 2016 418 1537
2059 362 2163 416 Mai
2199 364 2250 417 5.

413 561 553 640 153⁷
596 557 845 624 Santita
888 581 1165 645 paresse.
1244 569 1310 624 et
1353 561 1417 623 in
1452 570 1683 625 evento
1713 559 1834 625 che
1881 561 1935 624 si
1967 557 2217 625 facesse
2250 559 2518 644 qualche
2550 558 2957 624 conclusione
3006 558 3075 623 di
3110 582 3268 645 pace

375 631 504 683 Mat
541 633 575 683 ⁵
592 688 709 751 per
753 669 961 752 questi
1008 667 1224 745 mezzi,
1269 665 1462 731 credo
1508 664 1610 732 ch’
1656 667 1804 751 ogni
1850 674 2033 753 parte
2076 664 2401 731 havrebbe
2461 686 2611 729 caro
2665 663 2784 730 che
2833 663 2966 731 Sua
3014 664 3267 731 Santita

592 775 1031 859 interponesse
1091 771 1436 838 l'auttorita
1494 795 1612 838 sua
1668 771 2032 838 mandando
2092 771 2360 859 qualche
2406 771 2618 856 legato
2664 770 2876 857 degno
2920 796 3042 859 per
3088 776 3266 838 testi-

593 900 828 944 momo.

326 987 465 1040 Mrz-
504 989 575 1040 21
768 985 919 1051 Non
977 984 1061 1051 ho
1120 987 1346 1051 lettera
1403 988 1630 1054 alcuna
1692 987 1761 1052 di
1807 986 1896 1054 V.
1963 986 2028 1053 S.
2075 986 2157 1051 da
2215 988 2259 1051 li
2309 994 2386 1053 21
2452 986 2517 1050 di
2578 1009 2791 1053 marzo
2851 990 2919 1051 in
2978 1010 3143 1074 qua,
3203 1000 3265 1054 et
3305 992 3335 1047 5

592 1102 1007 1179 quantunque
1050 1097 1235 1180 pensi
1283 1097 1463 1159 siano
1508 1097 1579 1159 in
1623 1116 1819 1160 causa
1862 1094 1922 1158 le
1968 1094 2163 1159 molte
2211 1095 2619 1179 occupationi
2666 1116 2812 1173 sue,
2872 1093 3261 1161 nondimeno

593 1208 694 1265 sto
741 1222 864 1266 con
909 1199 1166 1265 l'am'mo
1211 1200 1411 1265 molto
1457 1221 1723 1287 sospeso
1772 1210 1838 1265 et
1896 1222 2019 1266 con
2062 1223 2221 1285 gran
2267 1198 2590 1265 desiderio
2637 1199 3038 1266 d’intendere
3085 1202 3262 1288 qual-

592 1307 711 1374 che
757 1329 910 1374 cosa
953 1306 1019 1372 di
1065 1307 1168 1387 lei,
1215 1329 1395 1373 come
1441 1307 1654 1393 quella
1697 1312 1826 1394 puo
1885 1329 2172 1394 pensare.
2262 1312 2419 1394 pero
2463 1306 2527 1371 la
2571 1329 2769 1393 prego
2816 1310 2914 1373 sia
2959 1316 3263 1375 contenta

592 1412 918 1481 affaticare
992 1415 1293 1500 alquanto
1365 1418 1478 1502 piu
1551 1417 1922 1500 monsignor
1978 1413 2267 1479 Antonio
2339 1412 2552 1479 d’Elio
2611 1423 2679 1478 et
2731 1414 2919 1479 fai-mi
2983 1417 3260 1481 scrivere

591 1521 863 1607 qualche
910 1543 1080 1588 cosa.
3278 1527 3332 1580 lo

769 1627 846 1693 Io
891 1628 975 1693 ho
1022 1630 1245 1695 scritto
1292 1651 1330 1692 a
1374 1626 1465 1693 V.
1513 1626 1577 1693 S.
1638 1627 1949 1714 dapoiche
2008 1630 2210 1693 siamo
2268 1630 2336 1692 in
2392 1626 2600 1712 Praga
2653 1627 2828 1692 forse
2888 1626 3076 1692 diece
3140 1630 3259 1692 mie

589 1735 844 1815 lettere,
911 1758 952 1800 a
1016 1735 1078 1799 le
1135 1734 1310 1821 quali
1369 1756 1500 1798 nou
1559 1733 1643 1799 ho
1701 1736 1981 1821 risposta
2038 1734 2283 1799 alcuna.
2375 1731 2673 1798 desidero
2734 1732 2989 1799 almeno
3036 1755 3258 1821 sapere
3482 1804 3483 1827 Ξ

590 1841 710 1907 0110
758 1844 938 1906 siano
983 1841 1111 1906 ben
1154 1843 1453 1927 capitate,
1501 1850 1568 1906 et
1611 1843 1888 1905 maxime
1934 1863 2062 1906 una
2107 1840 2174 1905 di
2223 1850 2259 1907 6
2310 1839 2379 1904 di
2423 1861 2636 1904 marzo
2680 1842 2748 1904 in
2794 1838 2977 1904 ziffra
3008 1843 3071 1921 ¹).
3482 1840 3483 1867 ³

768 1946 1013 2013 Mando
1060 1971 1099 2013 a
1144 1947 1277 2013 Sua
1321 1947 1575 2014 Santita
1618 1956 1846 2034 queste
1893 1949 2280 2013 escusationi
2329 1947 2411 2012 de
2457 1945 2813 2012 Lutherani
2839 1948 2887 2027 ¹)
2901 1995 2918 2026 ,
2962 1947 3029 2013 la
3073 1948 3259 2033 quale

589 2058 677 2120 mi
722 2078 874 2142 pare
919 2056 1117 2121 molto
1149 2063 1378 2135 astuta,
1426 2063 1492 2120 et
1536 2054 1771 2141 perche
1814 2052 2073 2120 l’hanno
2118 2062 2452 2141 stampata‚
2498 2060 2533 2117 e
2578 2053 2743 2118 bene
2784 2053 2906 2120 che
2936 2052 3072 2119 Sua
3102 2053 3335 2119 San-15

589 2166 708 2227 tita
751 2184 831 2227 ne
878 2161 1114 2227 habbia
1158 2165 1386 2228 notitia
1429 2172 1496 2227 et
1541 2163 1589 2226 11
1636 2161 1844 2228 faccia
1889 2161 2418 2239 consideratione,
2462 2159 2702 2247 perche
2747 2159 2943 2226 credo
2991 2164 3048 2225 si
3096 2162 3260 2226 sfor-

590 2291 818 2334 zarano
863 2269 1190 2334 mandarla
1234 2292 1273 2335 a
1317 2270 1468 2334 tutti
1514 2270 1561 2333 li
1605 2270 1883 2355 principi
1930 2266 2012 2333 de
2058 2265 2428 2332 Christiani.
3482 2282 3483 2289 ’

766 2374 1011 2441 Mando
1056 2376 1332 2440 anchora
1376 2375 1463 2461 gl’
1509 2376 1751 2460 alligati
1798 2374 2048 2440 articuli
2096 2374 2177 2439 de
2208 2373 2403 2461 quelli
2451 2372 2516 2437 di
2550 2376 2847 2458 Augusta
2892 2396 3016 2439 con
3059 2373 3257 2460 l’apo-

588 2482 867 2566 logetico
914 2482 1023 2547 del
1067 2480 1368 2548 CochleO.

771 2586 862 2656 Vi
910 2594 944 2653 0
1001 2589 1276 2655 anchora
1346 2589 1604 2676 alligato
1663 2611 1791 2653 uno
1850 2587 2212 2654 memoriale
2270 2608 2386 2674 per
2443 2587 2489 2652 il
2544 2586 2789 2653 decano
2843 2585 2908 2652 di
2968 2586 3252 2667 Patavia,
3268 2591 3333 2646 20

590 2719 707 2782 per
765 2695 809 2759 il
870 2696 1056 2781 quale
1117 2704 1342 2782 questo
1402 2695 1591 2761 serm
1636 2718 1705 2761 re
1765 2695 1850 2760 ha
1907 2699 2132 2761 scritto
2193 2717 2233 2760 a
2278 2692 2410 2759 Sua
2456 2692 2707 2759 Santita
2766 2703 2832 2759 et
2876 2693 3047 2760 m'ha
3090 2695 3251 2760 fatto

592 2802 743 2868 dare
790 2803 853 2867 la
897 2804 1083 2889 copia
1130 2801 1210 2867 de
1257 2802 1320 2867 la
1363 2802 1592 2867 lettera
1618 2804 1697 2883 8),
1757 2802 2057 2868 accioche
2116 2805 2180 2866 io
2226 2802 2528 2867 scrivessi
2575 2803 2642 2865 in
2688 2800 3071 2866 conformita
3113 2823 3251 2888 pre-

590 2909 800 2995 gando
847 2909 978 2975 Sua
1023 2907 1272 2974 Santita
1315 2933 1355 2975 a
1399 2908 1625 2975 volerli
1670 2911 2087 2996 compiacere.
2177 2908 2223 2971 il
2283 2906 2579 2995 predetto
2636 2906 2882 2972 decano
2941 2913 2977 2972 e
3024 2907 3247 2972 huomo

593 3016 773 3081 dotto
835 3024 899 3080 et
958 3016 1127 3082 bono
1183 3015 1582 3102 predicatore
1644 3024 1710 3080 et
1765 3016 2045 3102 riputato
2104 3014 2314 3099 degne
2372 3013 2647 3078 d’essere
2704 3014 3078 3098 gratificato.
3175 3020 3249 3079 110

591 3123 752 3188 altro
799 3146 914 3210 per
957 3124 1003 3187 il
1047 3132 1344 3210 presente
1390 3121 1780 3188 occorrendo
1826 3123 1890 3186 in
1936 3121 2106 3187 bona
2149 3123 2356 3206 gratia
2399 3126 2507 3186 etc.
3261 3122 3320 3177 25

369 3229 499 3282 Mai
540 3232 574 3282 7
768 3229 874 3296 Da
919 3230 1129 3316 Praga
1173 3231 1280 3296 alli
1330 3243 1365 3299 7
1417 3231 1484 3296 di
1529 3232 1784 3317 maggio
1834 3238 2022 3297 1537.

768 3337 1010 3403 Perche
1056 3340 1110 3403 si
1156 3337 1446 3403 vocifera
1488 3337 1552 3402 la
1594 3343 1838 3403 venuta
1885 3334 1949 3400 di
1995 3333 2236 3400 Nostro
2283 3332 2550 3419 Signore
2595 3355 2783 3400 verso
2830 3335 3099 3399 Mantoa
3143 3357 3245 3398 an-

731 3569 772 3619 ι)
803 3568 921 3611 mm
947 3567 1218 3619 memse
1243 3568 1299 3610 εει
1325 3566 1606 3619 amana-y.

735 3675 779 3744 ¹)
817 3675 940 3729 Aue
977 3674 1133 3744 Praq
1184 3674 1361 3744 licam
1405 3690 1515 3728 uns
1562 3673 1647 3728 bis
1694 3672 1813 3740 auf
1849 3673 1959 3729 dm
2002 3672 2439 3743 yeqenwcirtiqen
2487 3672 2615 3726 aoht
2650 3670 2844 3738 Briet'e
2881 3673 3013 3727 M's
3060 3691 3137 3726 aa
3176 3671 3241 3725 R.

588 3783 700 3834 vor,
737 3779 853 3818 ηπ.
889 3768 981 3819 26.
1018 3767 1107 3818 27.
1146 3766 1239 3818 29.
1276 3767 1362 3817 31.
1401 3766 1489 3818 32.
1529 3766 1614 3817 33.
1652 3766 1737 3816 34.
1777 3767 1863 3818 35.
3259 3754 3321 3809 30

734 3851 778 3920 ²)
821 3852 978 3923 Gorp.
1017 3851 1143 3918 Res.
1181 3851 1372 3923 1111).
1411 3855 1665 3922 313⁸qq.‚
1711 3852 1957 3907 betitelt:
2002 3851 2217 3907 Causae
2254 3867 2426 3922 quare
2462 3851 2732 3921 synodum
2769 3850 3040 3906 indictam
3076 3868 3111 3905 a
3143 3850 3243 3905 Ro-

590 3958 750 3996 mano
788 3939 1048 4012 pontifice
1087 3939 1262 3996 Paulo
1299 3941 1384 3996 ΙΙΙ
1420 3941 1727 3996 recusarint
1764 3941 2040 4012 principes
2077 3947 2258 3996 status
2295 3946 2352 3995 et
2388 3940 2641 3994 civitates
2678 3939 2894 4010 imperii
2931 3939 3245 4011 profitentes

590 4046 784 4102 puram
822 4036 880 4084 et
915 4029 1246 4084 catholicam
1280 4030 1606 4085 doctrinam.

735 4116 780 4189 ⁸)
818 4118 937 4173 Der
987 4119 1290 4188 bezilyliche
1326 4119 1502 4186 Brief
1524 4118 1598 4173 K.
1634 4117 2002 4172 Fordinands
2018 4159 2035 4186 ,
2087 4118 2140 4171 d.
2178 4118 2232 4172 d.
2272 4118 2489 4188 Praqae
2535 4116 2627 4171 die
2672 4120 2751 4172 28
2784 4118 2978 4172 martii
3024 4136 3063 4172 a
3099 4119 3245 4184 153⁷,

591 4209 723 4278 lieyt
759 4208 824 4261 in
858 4206 1146 4274 Absehrift
1180 4208 1278 4263 bei.
1352 4207 1472 4261 Der
1500 4207 1676 4277 Papst
1711 4206 1856 4262 wird
1891 4207 2125 4276 ersucht,
2164 4207 2284 4262 dem
2314 4207 2517 4261 Robert
2553 4222 2661 4260 von
2697 4206 2969 4261 Moaheim
2994 4207 3114 4275 jur.
3150 4200 3324 4274 ‹iq-„35

590 4297 792 4351 Dekan
841 4298 939 4352 der
975 4297 1182 4351 Kirche
1235 4313 1343 4352 von
1379 4296 1598 4351 Passum
1644 4296 1767 4350 und
1803 4297 1955 4351 Rath
1999 4297 2094 4351 des
2130 4296 2347 4364 Κόηίρε
2359 4336 2376 4362 ‚
2421 4294 2611 4350 desset}
2647 4294 2762 4348 edle
2799 4293 3119 4362 Heu-kunst,
3166 4295 3247 4348 be·

589 4388 798 4441 wdhrte
836 4387 1258 4441 Gelehrsamkeit
1303 4386 1425 4440 und
1472 4385 1906 4455 hervorrayende
1944 4386 2250 4454 Beqabtmq
2296 4386 2382 4438 als
2421 4383 2687 4453 Prediyer
2730 4385 2983 4453 ymhmt
3020 4384 3244 4447 weram,

589 4492 687 4546 per
713 4476 1133 4530 reservationem
1171 4474 1527 4545 apostolicam
1564 4473 1650 4529 vel
1687 4474 1812 4529 aliis
1840 4474 2098 4546 legitimis
2126 4473 2305 4528 titulis
2333 4473 2422 4527 die
2453 4472 2755 4542 Nachfolye
2782 4474 2848 4527 in
2875 4472 2977 4527 der
3003 4472 3246 4529 Robstei

592 4565 690 4620 der
737 4564 1382 4634 Augustinerchorhmn
1427 4563 1491 4616 in
1534 4563 1631 4616 der
1682 4562 1854 4618 stadt
1902 4563 2215 4618 Rottmann
2265 4563 2330 4617 in
2376 4561 2550 4617 Steier
2595 4562 2985 4629 Μαίσων-11,
3032 4562 3110 4616 da
3154 4560 3243 4614 der

587 4654 991 4725 yeyenwdrtiye
1021 4652 1217 4707 Probet
1254 4651 1450 4706 bereits
1486 4652 1901 4706 altersschwach
1928 4650 2021 4708 sei.
2053 4681 2119 4689 —
2157 4639 2296 4705 Uber
2322 4651 2621 4708 Moshcims
2651 4655 2900 4722 apamea
2926 4643 3318 4720 Ammo-qoam

589 4761 668 4796 an
705 4743 937 4796 Marone
971 4758 1013 4796 s.
1051 4759 1106 4794 u.
1145 4757 1230 4796 m:
1271 4743 1357 4795 66.
