3500 5300
627 375 700 437 92
1642 382 1741 437 No.
1780 384 1843 436 9:
1882 382 2022 438 1533
2056 383 2182 436 Juni
2221 385 2270 438 9.

443 579 580 660 15513
809 578 940 642 Sua
986 577 1228 643 Maesta
1270 578 1502 643 mando
1548 577 1918 644 chiamarmi
1964 588 2027 645 et
2069 579 2322 645 dissemi
2367 585 2526 644 tutte
2572 578 2631 645 le
2676 602 2819 644 cose
2865 579 3027 644 oltra
3072 580 3286 643 scritte

398 648 544 702 ’ΜΝ
580 652 693 748 9et
723 692 959 771 quanto
1004 708 1235 750 amava
1280 685 1323 751 il
1370 685 1537 751 duca
1564 687 1845 751 Henrico
1891 694 1953 752 et
1999 709 2177 752 come
2221 709 2332 752 era
2370 687 2679 752 fruttuoso
2726 695 2943 774 questo
2991 687 3286 771 coniugio

629 799 693 856 et
722 790 925 857 ch'io’l
956 792 1363 880 dispensasse.
1410 795 1472 858 io
1503 796 1742 881 rispose
1788 795 1994 881 prima
2039 794 2154 859 che
2183 796 2562 882 personaggi
2608 796 2738 859 cosi
2769 793 2997 880 grandi
3032 792 3287 858 haverei

630 897 847 964 voluto
892 898 1227 966 volintiera
1271 902 1553 966 rimetter
1596 925 1637 967 a
1681 900 1911 966 Nostro
1943 902 2228 987 Signore,
2276 901 2392 966 che
2423 903 2554 966 Sua
2584 901 2833 967 Santita
2863 901 3103 966 facesse
3149 922 3288 964 essa

628 1029 668 1070 a
713 1004 845 1071 loro
891 1015 1111 1094 questo
1156 1009 1437 1095 piacere3
1498 1008 1685 1095 dapoi
1732 1008 1884 1074 dissi
1931 1007 2091 1075 ch'io
2150 1008 2398 1073 haveva
2442 1008 2681 1074 faculta
2735 1006 3078 1073 solamente
3124 1007 3337 1072 dove5

629 1115 760 1180 Sua
791 1114 1041 1181 Maesta
1070 1113 1154 1180 ha
1183 1115 1583 1181 iurisdittion.
1647 1117 1735 1181 mi
1768 1117 2002 1181 mostro
2035 1115 2190 1181 che'l
2223 1115 2546 1181 marchese
2592 1116 2879 1202 predetto
2912 1115 2949 1180 ὲ
2980 1137 3095 1179 suo
3144 1113 3288 1179 sub-

630 1221 761 1287 dito
795 1223 846 1306 ¹)
905 1229 968 1287 et
1025 1221 1139 1287 che
1198 1222 1632 1288 differendossi
1703 1231 1795 1289 ste
1852 1245 2010 1288 noze
2069 1229 2244 1288 tanto
2305 1222 2420 1287 che
2479 1223 2531 1287 si
2585 1222 2918 1287 mandasse
2978 1244 3020 1286 a
3063 1221 3288 1305 Roma,

629 1329 696 1392 vi
742 1327 1000 1394 haveria
1044 1336 1262 1416 potuto
1302 1353 1524 1395 nascer
1555 1329 1861 1414 disturb0‚
1906 1331 2320 1416 ponderando
2367 1328 2557 1395 molt-e
2604 1328 2817 1417 parole
2862 1327 3026 1394 delle
3070 1328 3289 1395 lettere

633 1434 734 1500 del
779 1435 960 1501 duca.
1052 1435 1168 1501 hor
1212 1437 1604 1502 conoscendo
1649 1437 1886 1525 l'opera
1931 1460 2100 1503 esser
2146 1436 2313 1504 bona
2356 1445 2419 1502 et
2465 1437 2818 1502 desiderata
2865 1435 2978 1501 dal·
3015 1455 3114 1520 re,
3160 1436 3287 1501 l'ho

629 1542 788 1608 satta
833 1551 894 1607 et
940 1542 1019 1608 ho
1066 1543 1424 1631 dispensato
1469 1545 1552 1609 ad
1599 1546 1747 1632 ogni
1795 1544 1921 1610 bon
1970 1544 2094 1610 fine
2123 1547 2193 1632 ²).
3314 1555 3373 1608 10

809 1650 1080 1716 Haveva
1109 1673 1252 1717 seco
1281 1651 1327 1716 il
1357 1654 1557 1718 corier
1592 1675 1678 1717 un
1710 1660 2033 1717 mercante
2059 1651 2155 1718 ch'
2183 1652 2434 1717 haveva
2457 1651 2675 1717 ordine
2698 1650 2804 1715 dal
2834 1651 3001 1716 duca
3024 1651 3090 1715 di
3116 1649 3289 1716 sbor-

632 1817 687 1824 μ

645 1918 909 1987 Vorwort)
949 1921 1223 1989 yerichtet.
1296 1921 1435 1974 Erst
1469 1926 1637 1974 anter
1674 1920 1793 1975 dem
1829 1925 1867 1973 8
1901 1920 2046 1975 Jum‘
2081 1921 2156 1988 (d.
2196 1921 2249 1975 d.
2287 1920 2587 1990 Freibury)
2634 1920 2982 1974 winderholte
3019 1918 3295 1974 Heinrich

631 2009 749 2062 scin
802 2008 1017 2064 Gesuch
1062 2010 1165 2064 mit
1205 2009 1434 2064 Adi-esse
1482 2027 1560 2062 an
1601 2009 1856 2079 Veryerio
1905 2009 2088 2077 (Rom,
2125 2011 2290 2064 Arch.
2335 2010 2455 2063 Vat.
2496 2008 2672 2064 Nunz.
2719 2008 2773 2062 di
2823 2007 3008 2062 Germ.
3049 2008 3174 2063 Vol.
3223 2009 3293 2062 56

632 2097 725 2152 fol.
763 2099 834 2153 38
875 2096 1060 2170 Gop.);
1112 2099 1295 2154 ividem
1331 2116 1390 2153 er
1426 2099 1743 2167 auefmvrtffi
1795 2096 1914 2167 dass
1952 2098 2051 2153 der
2086 2098 2402 2168 Markyraf
2441 2114 2540 2169 per
2576 2104 2750 2153 totam
2785 2097 2900 2152 fere
2936 2097 3293 2152 Germaniam

633 2188 886 2242 omnibus
921 2188 1265 2259 principibus
1304 2205 1478 2261 usque
1514 2188 1651 2243 adeo
1688 2188 1956 2260 sanguine
1993 2190 2321 2260 conjunctus
2356 2189 2558 2242 existat
2594 2195 2658 2242 ut
2695 2188 2782 2241 vix
2820 2187 2988 2241 ullam
3027 2187 3292 2256 virginem
3316 2188 3377 2244 15

633 2285 731 2332 aut
766 2278 986 2333 viduam
1023 2295 1155 2333 suae
1191 2278 1432 2333 familiae
1467 2285 1526 2333 et
1562 2279 1862 2333 conditioni
1899 2294 2087 2349 parem
2116 2276 2395 2332 remotiori
2431 2277 2606 2347 gradu
2635 2276 2974 2348 conquirere,
3012 2293 3157 2347 quae
3184 2275 3292 2329 sibi

634 2366 819 2422 stabili
858 2367 1132 2423 connubio
1161 2368 1322 2439 jungi
1360 2376 1562 2439 posset,
1598 2369 1720 2422 wnd
1746 2369 1946 2436 vociter,
1985 2364 2106 2438 (last
2142 2385 2240 2437 per
2267 2367 2371 2422 hoc
2399 2365 2701 2421 favorabile
2729 2364 3066 2422 connubium
3102 2382 3292 2420 omnes

635 2457 940 2511 simultates
988 2465 1046 2513 et
1080 2457 1412 2525 discordiae,
1462 2474 1605 2528 quae
1648 2459 1792 2513 inter
1839 2475 1938 2512 nos
1986 2464 2043 2512 et
2090 2458 2301 2512 dictum
2350 2473 2608 2527 sponsum
2645 2455 2830 2510 forsan
2876 2472 2976 2526 per
3011 2471 3200 2510 osores
3236 2461 3293 2509 et

636 2547 846 2602 invidos
882 2548 1123 2602 aemulos
1170 2554 1384 2602 nostros
1421 2547 1710 2602 retroactis
1746 2546 2086 2617 temporibus
2122 2546 2251 2601 hinc
2288 2545 2415 2599 inde
2442 2545 2828 2599 disseminatae
2863 2551 2921 2598 et
2957 2542 3293 2598 subornatae

634 2637 874 2705 fuerunt,
912 2637 1146 2693 rescindi
1194 2645 1252 2693 et
1295 2637 1500 2693 aboleri
1540 2636 1908 2693 verisimiliter
1951 2643 2122 2708 atque
2157 2635 2399 2692 vicissim
2444 2652 2552 2706 pax
2597 2641 2654 2690 et
2690 2633 2984 2691 concordia
3019 2650 3122 2704 pro
3160 2650 3290 2704 aug·
3311 2637 3380 2691 20

634 2733 817 2782 mento
865 2735 922 2783 et
957 2735 1274 2784 ornamento
1322 2727 1628 2784 catholicae
1664 2744 1730 2781 ac
1769 2727 2101 2782 christianae
2141 2725 2480 2796 reipublicae
2529 2724 2586 2778 in
2623 2723 2870 2779 futuram
2906 2722 3076 2777 etiam
3114 2739 3292 2794 usque

633 2817 947 2887 progeniem
984 2816 1213 2873 firmiter
1249 2818 1515 2873 duratura
1550 2817 1789 2887 plantari
1837 2823 1894 2871 et
1929 2816 2158 2870 revelari
2197 2816 2310 2869 sive
2347 2814 2590 2886 reparari
2637 2814 2834 2869 valeat.
2909 2813 2998 2866 Im
3034 2812 3294 2879 sev-neren

633 2905 784 2960 weist
823 2907 1099 2961 Heinrich
1146 2907 1368 2972 darauf
1394 2908 1521 2975 hin,
1574 2907 1675 2961 wie
1722 2906 1869 2961 seins
1915 2905 2232 2970 Vorsahren
2278 2910 2411 2959 stets
2454 2904 2769 2973 yehorsame
2804 2902 2981 2956 Solane
3030 2900 3128 2956 des
3165 2918 3293 2970 apo-

634 2996 922 3050 stolischen
955 2995 1171 3051 Stuhles
1204 3012 1445 3066 yewesen
1480 2997 1627 3050 scien
1671 2994 1794 3048 und
1831 2991 1950 3062 dass
2000 2994 2144 3049 auch
2193 3011 2251 3048 er
2298 2994 2400 3048 mit
2445 2994 2646 3049 seivwm
2681 2992 2907 3047 Bruder
2949 2990 3129 3059 Geor-9
3177 2990 3296 3045 und

634 3086 793 3140 ihren
830 3085 1206 3140 Untmhanen
1242 3086 1489 3153 niemals,
1526 3085 1789 3156 precipue
1816 3083 1982 3139 etiam
2019 3084 2075 3137 in
2104 3084 2209 3139 hac
2237 3083 2599 3137 tumultuaria
2625 3081 2977 3137 Lutheranae
3001 3080 3295 3135 damnatae
3311 3084 3380 3139 25

635 3175 887 3228 hereseos
923 3181 1270 3245 tempestate,
1320 3191 1429 3229 von
1477 3174 1577 3229 der
1604 3174 1908 3228 romischen
1944 3172 2152 3228 Kirche
2189 3173 2530 3241 abycwichen
2577 3172 2654 3226 sei
2700 3171 2840 3226 noch
2873 3171 2937 3238 J'e
2981 3170 3294 3225 abweichen

633 3263 827 3331 werde,
863 3281 919 3318 u.
949 3281 990 3318 s.
1019 3282 1083 3319 w.

784 3351 829 3423 ¹)
867 3354 991 3407 Aus
1026 3349 1225 3423 Aniass
1263 3352 1360 3406 der
1395 3353 1765 3423 Besitzunyen
1805 3352 2010 3421 Geor-93
2044 3352 2108 3405 in
2141 3349 2431 3405 Schlesien.

782 3442 825 3512 ²)
866 3442 986 3498 Der
1030 3441 1274 3512 Dispens
1324 3443 1527 3496 lautet:
1581 3442 1783 3496 Petrus
1832 3440 2042 3495 Paulus
2090 3446 2195 3494 etc.
2241 3438 2444 3493 illustri
2490 3436 2726 3507 principi
2779 3478 2791 3491 .
2814 3478 2825 3490 .
2849 3477 2861 3491 .
2912 3436 3157 3509 Georgio
3208 3477 3220 3490 .
3243 3478 3254 3490 .
3278 3478 3292 3491 .

636 3540 804 3605 atque
850 3533 1053 3588 illustri
1101 3530 1353 3585 dominae
1388 3530 1621 3585 Emiliae
1779 3531 2012 3585 salutem
2061 3528 2117 3583 in
2155 3529 2373 3584 domino
2429 3528 2831 3598 sempiternam.
2882 3527 3040 3581 sedes
3074 3533 3292 3597 aposto-
3311 3531 3379 3584 30

637 3624 747 3678 lica
780 3639 1046 3693 personas
1082 3628 1294 3676 vestras
1332 3638 1545 3675 summa
1580 3620 1950 3675 benivolentia
1984 3619 2339 3691 prosequitur
2373 3625 2430 3673 et
2466 3617 2733 3689 imprimis
2759 3632 2912 3670 raras
2947 3614 3137 3683 habet,
3173 3622 3293 3670 tum

637 3711 710 3768 ob
745 3713 979 3767 virtutes
1007 3718 1218 3766 vestras
1253 3718 1602 3782 vestramque
1638 3726 1772 3781 erga
1799 3726 2073 3764 summum
2099 3708 2281 3763 Deum
2318 3715 2374 3762 et
2402 3707 2629 3761 candem
2656 3706 2841 3760 sedem
2878 3704 3201 3776 religionem
3237 3710 3296 3759 et

637 3800 1039 3857 observantiam
1056 3843 1070 3871 ,
1118 3809 1239 3856 tum
1284 3801 1450 3855 etiam
1487 3800 1619 3872 quia
1653 3806 1844 3854 notum
1883 3798 2137 3854 omnibus
2174 3797 2362 3852 existit
2396 3797 2639 3851 illustres
2687 3801 2874 3866 patres
2923 3800 3134 3849 vestros
3179 3811 3293 3848 ma·

630 3894 890 3963 joresque
939 3906 1125 3945 omnes
1162 3897 1373 3954 nestros
1410 3891 1469 3944 in
1519 3889 1799 3944 latissimis
1837 3888 2091 3943 dominiis
2137 3885 2242 3942 sibi
2280 3903 2315 3941 a
2351 3886 2466 3940 Deo
2503 3885 2778 3940 concessis
2815 3900 3030 3954 semper
3065 3900 3168 3954 pro
3204 3901 3292 3939 ca·

637 3981 844 4035 tholico
872 3980 977 4034 Dei
1006 3979 1394 4052 omnipotentis
1432 3980 1588 4035 cultu
1614 3978 1960 4033 ellaborasse.
2008 3994 2177 4048 quum
2214 3977 2404 4046 itaque
2431 3974 2589 4029 nobis
2615 3974 3032 4029 Dominationes
3059 3971 3294 4028 Vestrae
3310 3974 3378 4029 35

637 4071 834 4141 exponi
881 4070 1113 4125 fecerint
1161 4070 1307 4141 quod
1353 4069 1426 4124 ob
1475 4068 1809 4140 singularem
1859 4068 2003 4122 inter
2050 4084 2146 4121 vos
2197 4071 2538 4121 contractam
2587 4063 2931 4119 affectionem
2967 4062 3294 4117 desideratis

636 4161 856 4216 vinculo
894 4161 1224 4215 matrimonii
1261 4160 1537 4231 conjungi,
1574 4175 1762 4212 verum
1800 4157 1948 4228 quod
1983 4156 2431 4227 impedimentum
2467 4153 2612 4209 inter
2646 4170 2742 4207 vos
2778 4152 2978 4207 existat
3005 4152 3154 4222 quod
3191 4152 3294 4208 sci·

638 4251 770 4306 licet
805 4250 861 4304 in
898 4250 1061 4305 tertio
1091 4249 1585 4319 consanguinitatis
1622 4248 1800 4318 gradu
1829 4246 1950 4301 sitis
1987 4246 2285 4317 conjuncti,
2321 4261 2423 4299 nec
2459 4261 2568 4298 non
2606 4242 2868 4313 suplicari
2904 4248 2969 4295 ut
3006 4240 3293 4296 vobiscum

639 4341 707 4395 de
755 4338 1097 4411 benignitate
1144 4338 1449 4409 apostolica
1494 4336 1783 4407 superinde
1830 4335 2286 4406 dispensaremus,
2335 4340 2608 4404 quatenus
2657 4333 2780 4402 ipsa
2813 4331 3295 4402 consanguinium

639 4447 747 4485 non
785 4428 1040 4484 obstante
1078 4427 1483 4483 matrimonium
1520 4426 1664 4480 inter
1698 4443 1796 4480 vos
1834 4425 2075 4496 legitime
2114 4425 2436 4480 contrahere
2473 4422 2725 4494 possitis:
2772 4438 2872 4476 nos
2908 4427 3024 4475 tam
3059 4419 3296 4475 ferventi
3311 4420 3379 4474 40

639 4519 943 4575 animorum
991 4525 1296 4573 vestrorum
1335 4515 1603 4571 desiderio
1652 4512 1959 4586 gratificari
1994 4532 2220 4585 prorsus
2251 4514 2514 4582 volentes,
2563 4511 2902 4585 gravissimis
2947 4509 3131 4565 causis
3179 4510 3293 4564 ani·

640 4627 790 4664 mum
819 4616 1065 4665 nostrum
1094 4605 1456 4673 moventibus,
1494 4605 1828 4661 auctoritate
1864 4605 2184 4675 apostolica,
2222 4621 2335 4675 qua
2370 4603 2426 4656 in
2463 4604 2570 4659 hac
2606 4608 2765 4673 parte
2800 4600 3101 4671 fungimur,
3137 4599 3296 4654 vobis

641 4707 704 4755 ut
739 4699 889 4754 dicto
926 4697 1420 4769 consanguinitatis
1459 4695 1676 4750 vinculo
1712 4712 1821 4750 non
1850 4693 2106 4751 obstante
2141 4694 2212 4749 ad
2247 4693 2482 4749 invicem
2520 4691 2926 4748 matrimonium
2961 4689 3020 4743 in
3055 4689 3166 4744 Dei
3200 4707 3293 4744 no·

641 4790 786 4848 mine
821 4796 879 4846 et
916 4787 1295 4846 benedictione
1332 4787 1659 4843 contrahere
1695 4785 1751 4840 in
1789 4784 1966 4839 forma
2001 4784 2268 4840 ecclesiae
2305 4789 2570 4839 consueta
2605 4781 2846 4853 possitis,
2883 4779 3164 4836 licentiam
3192 4780 3290 4834 im-
