3500 5300
1451 301 1549 357 No.
1594 302 1691 356 1⁴¹:
1736 302 1888 356 1536.
2901 301 3009 364 403

339 502 505 558 testa
535 496 595 576 ¹).
668 503 734 561 et
776 494 948 581 quod
1004 495 1239 561 dicitur
1296 498 1361 559 in
1421 519 1474 561 c.
1521 499 1900 582 quicumque
1967 505 2065 561 12.
2125 521 2182 582 q.
2232 507 2268 561 3
2301 498 2365 576 2),
2426 497 2597 582 quod
2657 501 2908 583 quesita
2966 521 3004 564 a
3062 503 3203 555 1536

339 601 572 665 clerico
604 601 729 665 alia
774 604 1108 667 occasione
1140 625 1330 687 quam
1379 602 1667 682 ecclesie,
1713 605 1768 666 si
1801 602 1883 665 ab
1928 604 2226 665 intest-ato
2274 602 2682 683 decesserint,
2730 606 3002 671 eeclesia

337 709 436 772 cui
485 708 725 793 prefuit
769 717 878 772 aut
923 710 1213 772 minister
1260 710 1499 788 extitit,
1545 707 1668 773 sibi
1713 708 2100 788 vindicabit,
2158 708 2640 794 intelligendum
2704 719 2802 774 est
2855 735 3001 777 cum

337 814 547 878 desint
593 815 700 899 qui
749 814 829 879 ab
876 818 1179 879 intestato
1227 813 1592 896 succedant,
1636 824 1710 879 ut
1754 815 2034 902 explicat
2079 823 2204 879 tex.
2263 817 2326 878 in
2387 839 2440 879 c.
2499 818 2556 880 fi.
2619 817 2840 882 eadem
2888 817 2998 882 Ca.

283 928 317 978 5
338 929 403 986 et
448 946 505 1008 q.
533 924 597 1004 ³).
668 944 996 1008 perperam
1044 923 1235 986 etiam
1281 929 1475 1006 agunt
1507 924 1561 986 si
1608 923 1883 1007 aquisita
1913 924 2147 987 intuitu
2194 922 2462 988 ecclesie
2494 922 2614 987 sibi
2654 924 2998 1004 ascribunt,

336 1051 479 1091 cum
529 1026 610 1092 ad
661 1029 993 1093 ecclesiam
1043 1031 1144 1093 cui
1192 1028 1547 1114 prefuerint
1592 1036 1915 1114 spectent:
1966 1029 2140 1093 dicta
2184 1052 2237 1094 c.
2285 1030 2434 1115 quia
2479 1053 2594 1094 nos
2623 1032 2688 1109 ⁴),
2736 1040 2798 1094 ct
2845 1031 2998 1095 alibi

334 1137 564 1220 sepius.
656 1144 1043 1221 quapropter
1087 1156 1258 1198 error
1302 1133 1734 1199 emendandus
1783 1142 1848 1198 et
1894 1135 2227 1200 tollendus,

329 1368 434 1430 42.
504 1365 654 1442 Quo
703 1367 955 1449 ingenio
1022 1364 1187 1428 bona
1250 1364 1520 1448 quedam
1580 1364 1762 1449 layca
1820 1388 1943 1450 que
2005 1367 2291 1431 ecclesiis
2341 1368 2442 1431 vel
2492 1367 2630 1431 aliis
2681 1369 2990 1452 religiosis

329 1470 622 1536 domibus
656 1472 845 1535 certis
887 1470 1289 1556 pactionibus
1342 1471 1601 1535 vendita
1647 1480 1798 1536 sunt
1825 1471 1933 1555 ycl
1965 1472 2412 1557 hyppotecata,
2462 1472 2685 1537 ditioni
2722 1475 2989 1539 ecclesie

244 1584 310 1636 10
1311 1576 1631 1662 subjugari
1678 1587 2005 1642 conantur.

504 1699 668 1765 Cum
736 1701 965 1785 quibus
1026 1700 1321 1765 oneribus
1382 1709 1705 1765 transeant
1764 1701 1933 1765 bona
1993 1702 2076 1766 ad
2144 1703 2448 1768 ecclesias
2518 1715 2583 1766 et
2651 1727 2688 1767 a
2756 1704 2985 1789 quibus

324 1809 679 1871 eximantur
739 1831 819 1871 ex
866 1806 1157 1871 deductis
1219 1808 1690 1891 gravaminibus
1735 1815 1889 1872 saus
1950 1816 2201 1873 constat
2257 1817 2320 1872 et
2374 1811 2508 1894 jure
2556 1809 2814 1894 quidem
2868 1814 2986 1875 im-

323 1915 595 1978 munitas
643 1913 793 1978 data
839 1921 936 1976 est
983 1914 1300 1993 ecclesiiS,
1356 1935 1437 1978 ne
1483 1915 1619 1977 sine
1648 1915 1694 1994 ⁸)
1743 1912 2077 1978 Pharaone
2123 1912 2490 1994 deteriores,
2537 1923 2605 1978 ut
2651 1914 2808 1981 dicit
2856 1926 2981 1982 tex.

320 2022 385 2082 in
446 2043 498 2083 c.
556 2042 683 2083 non
728 2021 936 2084 minus
984 2017 1062 2083 de
1110 2020 1278 2084 imm.
1325 2018 1476 2084 eccl.
1506 2018 1553 2100 b)
1582 2021 1646 2100 ⁵).

230 2241 299 2294 15
317 2237 420 2296 43.
490 2232 595 2297 De
626 2234 939 2297 colationc
970 2234 1419 2298 beneficiorum
1453 2232 2029 2298 ecclesiasticorum
2072 2235 2197 2318 jain
2231 2236 2504 2320 primuni
2555 2234 2978 2301 fundatorum.

492 2358 679 2421 Justa
733 2365 832 2422 est
889 2356 1147 2441 querela
1205 2365 1269 2421 et
1314 2355 1549 2420 abusus
1612 2356 1956 2433 tollenduS‚
2017 2380 2142 2442 quo
2204 2358 2612 2423 retrahuntur
2668 2360 2835 2444 layci
2896 2362 2975 2426 ab

316 2464 582 2529 ecclesie
628 2461 1004 2528 fundatione
1049 2473 1160 2527 aut·
1205 2462 1549 2527 dotat-ione.

313 2699 416 2759 44.
485 2694 589 2760 De
638 2694 1222 2761 confirmationibus
1271 2695 1723 2760 beneficiorum
1773 2697 2351 2762 ecclesiasticorum
2407 2721 2533 2761 non
2581 2702 2970 2764 necessariis.

490 2819 677 2886 Nova
720 2820 1013 2885 beneficii
1046 2820 1465 2885 ecclesiastici
1496 2821 1868 2884 constitutio
1916 2820 2213 2885 ordinarii
2260 2822 2365 2886 vel
2399 2822 2748 2907 apostolice
2796 2824 2968 2889 sedis

217 2934 291 2988 20
309 2928 686 2991 auctoritate
730 2927 1006 3011 indiget:
1055 2950 1108 2990 c.
1156 2926 1413 3012 quidam
1468 2936 1545 2993 18
1594 2950 1653 3012 q.
1704 2935 1738 2991 2
1771 2928 1848 3007 ⁶),
1895 2929 1962 2991 in
2006 2949 2132 3012 qua
2190 2930 2245 2991 si
2304 2927 2600 2992 ordinarii
2663 2932 2966 3015 pecunias

309 3042 672 3118 emungunt,
718 3033 895 3119 digni
943 3042 1090 3098 sunt
1133 3033 1622 3119 reprehensione
1671 3041 1735 3098 et
1766 3032 2234 3119 providendum
2281 3042 2352 3097 ut
2383 3034 2756 3099 abstineant.
2848 3058 2964 3101 nec

308 3163 527 3205 verum
572 3140 746 3227 quod
789 3140 1109 3206 subiciunt
1166 3162 1280 3225 per
1322 3138 1752 3204 Romanorum
1812 3149 2048 3204 statuta
2105 3148 2168 3205 et
2227 3140 2493 3205 subtiles
2553 3144 2829 3227 praticas
2888 3165 2963 3208 eo

305 3268 437 3311 rem
484 3245 715 3312 deduci
763 3255 835 3311 ut
879 3245 1285 3311 fundationes
1334 3268 1551 3310 omnes
1593 3249 1883 3331 quamvis
1932 3248 2170 3311 minimi
2202 3249 2390 3341 pretii
2423 3250 2781 3312 necessario
2812 3270 2963 3313 eon-

303 3353 645 3434 firmentur,
691 3376 836 3419 cum
881 3356 1044 3419 sacri
1091 3375 1364 3419 canones
1412 3375 1552 3419 eam
1597 3354 2134 3419 confirmationem
2180 3352 2512 3418 ordinariis
2542 3357 2960 3440 permiserint.

211 3468 284 3521 25
304 3459 532 3547 quodsi
591 3462 699 3546 qui
758 3482 875 3548 pro
937 3462 1191 3526 firmiori
1240 3460 1465 3525 robore
1513 3468 1578 3524 et
1610 3461 1899 3547 ampliori
1931 3462 2307 3525 auctoritate
2338 3459 2608 3525 Romani
2640 3463 2957 3547 pontificis

302 3567 841 3632 confirmationem
873 3574 1193 3654 expetant,
1237 3565 1409 3651 quod
1446 3567 1589 3652 plus
1636 3568 1934 3631 timeatur
1978 3566 2148 3651 quod
2196 3566 2596 3650 singulariter
2625 3568 2960 3653 pollicetur

553 3818 560 3826 ‘
593 3816 613 3855 1

441 3818 490 3939 b}
513 3817 618 3931 ῗῑά.
653 3890 677 3930 1
704 3889 777 3931 hat
803 3888 869 3931 dte
888 3888 1098 3931 Antwort:
1128 3887 1178 3929 Si
1206 3889 1320 3929 bons
1346 3886 1467 3939 prius
1494 3885 1609 3929 laica.
1636 3885 1769 3927 titulo
1798 3886 1908 3928 flant
1924 3886 2244 3935 ecclesiastiea,
2276 3886 2381 3937 quid
2409 3885 2558 3928 oneri·
2585 3888 2653 3928 ent
2680 3886 2720 3928 si
2748 3899 2799 3929 ex
2830 3887 2952 3929 civili

298 3960 518 4011 pou-tato
545 3970 598 4002 ιο
626 3959 820 4002 &ctione
846 3962 891 4002 ίιι
919 3958 1267 4002 ecelesiasticam
1295 3958 1631 4005 mutuantur.
1660 3968 1757 3999 cnm
1777 3957 1962 4000 maximo
1981 3970 2112 3999 onera
2139 3957 2275 3999 realia.
2303 3956 2431 4001 lalcis
2450 3957 2600 3999 debita
2628 3969 2680 3999 οι
2699 3960 2951 4009 sequntur,

203 4029 278 4084 30
297 4031 348 4072 nt
365 4041 497 4083 supr·
523 4030 814 4073 ‹li-sominae
833 4034 1072 4084 gravamine
1090 4031 1228 4081 [Plan
1245 4031 1330 4083 sair
1355 4029 1421 4069 die
1442 4028 1544 4070 2011!
1560 4030 1858 4081 srn’yelaaem]
1888 4041 1967 4071 nec
1984 4031 2212 4081 propterea
2240 4030 2354 4078 quod
2383 4030 2427 4070 in
2457 4029 2691 4071 ecelesiam
2712 4030 2950 4077 maneant.

296 4101 404 4143 latei
432 4113 511 4144 sno
535 4101 637 4154 §m
664 4102 932 4145 nudentur.

444 4228 481 4285 ¹)
518 4228 640 4282 Lib.
678 4227 791 4281 HI
819 4228 905 4282 tit.
942 4231 1016 4282 26
1050 4244 1094 4282 c.
1131 4231 1182 4280 2.

438 4317 1015 4386 ²)c.2G.12q.3.

441 4404 1012 4474 ³)c.40.12q.3.

199 4490 271 4545 35
435 4492 476 4549 ⁴)
513 4494 639 4548 Lib.
678 4494 791 4550 ΙΙΙ
820 4494 904 4549 tit.
941 4497 1019 4549 26
1055 4510 1099 4549 c.
1139 4498 1187 4549 9.

435 4581 476 4643 ξ·)
512 4583 638 4637 Lib.
676 4583 788 4638 ΙΙΙ
817 4583 899 4638 tit.
939 4587 1011 4637 49
1048 4600 1089 4639 c.
1129 4588 1179 4638 4.

432 4667 1028 4741 wawafflffz

2403 4763 2514 4815 26*
