3500 5300
597 373 707 433 29⁶2
1591 377 1689 431 No,
1727 378 1823 432 94:
1865 378 2001 432 1538
2036 377 2146 431 Mai
2181 378 2266 432 26.

391 576 531 654 1538
780 572 948 637 Sono
996 581 1154 637 stato
1200 596 1240 637 a
1286 572 1472 657 longo
1532 575 2006 658 ragionamento
2068 572 2166 638 001
2222 573 2507 659 predetto
2564 575 2777 661 signor
2831 572 3162 639 marchese
3209 581 3271 639 et

348 645 469 696 Mm
508 647 583 697 26
603 678 644 742 li
705 678 785 744 ho
844 701 981 744 reso
1043 687 1233 743 cunto
1293 678 1457 743 della
1516 678 1685 744 bona
1741 686 1951 744 mente
2009 688 2072 744 et
2131 678 2295 744 bone
2354 702 2541 767 opere
2598 680 2665 745 di
2724 679 2952 746 Nostro
2998 678 3266 765 Signore

603 788 773 850 circa
817 784 879 849 la
925 808 1083 871 pace
1129 794 1227 850 tra
1273 785 1334 850 13
1367 785 1641 850 Cesarea
1673 786 1919 851 Maesta
1963 794 2027 850 et
2072 786 2342 870 Franza,
2390 788 2561 852 circa
2605 785 2648 850 il
2688 785 2956 852 concilio
3001 793 3066 851 et
3097 788 3268 852 circa

603 893 1047 979 l’expeditione
1094 899 1313 957 contra
1360 891 1401 956 il
1449 892 1681 974 Turco‚
1728 900 1790 957 et
1834 915 1949 979 per
1992 914 2196 957 essere
2242 892 2331 957 lui
2377 900 2605 979 nepote
2651 892 2751 958 del
2784 893 3134 980 Wayvoda
3181 895 3266 958 mi

605 1022 802 1086 parve
848 998 1049 1063 anche
1096 999 1469 1085 expediente
1515 998 1782 1064 narrarli
1831 1001 1974 1064 tutti
2019 999 2064 1063 li
2109 998 2262 1064 boni
2307 999 2496 1064 officii
2541 1000 2681 1064 fatti
2728 1000 2813 1064 da
2843 999 2976 1065 Sua
3021 999 3266 1066 Santita
3311 1009 3342 1061 5

605 1107 1113 1171 continuamente
1171 1128 1290 1171 con
1349 1112 1571 1192 questa
1628 1105 1873 1170 Maesta
1938 1129 2052 1192 per
2108 1105 2438 1171 inclinarla
2510 1105 2637 1170 3113
2696 1128 2853 1193 pace
2921 1129 3043 1171 con
3111 1106 3266 1172 (11ῆο

608 1211 966 1298 Wayvoda.
1060 1220 1123 1276 et
1167 1211 1400 1298 perche
1457 1212 1519 1277 io
1582 1234 1733 1277 sono
1794 1211 2196 1278 recordevole
2254 1210 2369 1277 che
2415 1211 2573 1278 altre
2617 1210 2785 1278 volte
2832 1213 2965 1279 Sua
3022 1213 3267 1278 Santith

606 1318 812 1384 hebbe
859 1319 1150 1404 opinione
1210 1341 1550 1405 procurare
1612 1341 1910 1405 appresso
1968 1317 2013 1382 li
2070 1317 2312 1384 elettori
2374 1318 2492 1384 che
2537 1317 2850 1384 volessero
2918 1319 3056 1384 fare
3101 1318 3265 1385 bono

610 1425 818 1489 officio
866 1447 984 1488 con
1044 1422 1105 1488 la
1152 1423 1424 1490 Cesarea
1468 1424 1713 1489 Maesta
1771 1448 1883 1512 per
1942 1425 2004 1490 la
2062 1447 2220 1512 pace
2279 1448 2399 1491 con
2445 1425 2698 1490 Franza
2727 1426 2808 1512 ¹),
2867 1426 3265 1492 trovandomi

611 1539 833 1618 questa
877 1532 1281 1617 opportunita
1324 1530 1405 1594 ho
1452 1530 1608 1595 fatto
1654 1533 1851 1618 quest'
1900 1531 2107 1596 officio
2161 1530 2700 1618 diligentemente,
2759 1532 3167 1599 mostrandoli
3213 1532 3267 1597 el
3285 1542 3346 1593 10

611 1638 875 1725 bisogno
921 1638 1086 1704 della
1132 1635 1540 1703 Christianita
1585 1640 1747 1703 assai
1803 1638 2136 1703 manifesto
2182 1647 2246 1704 et
2289 1661 2407 1704 con
2454 1638 2779 1704 dexterita-
2810 1638 3268 1725 significandoli

615 1744 729 1810 che
775 1745 838 1809 la
883 1745 1155 1810 Cesarea
1201 1745 1447 1810 Maesta
1492 1744 1764 1810 secondo
1809 1744 1872 1809 13
1920 1767 2252 1810 commune
2298 1747 2604 1832 openione
2647 1747 2713 1810 in
2746 1746 2940 1810 effetti
2969 1768 3079 1811 era
3109 1752 3268 1810 stata

612 1852 911 1939 alquanto
959 1852 1119 1916 dura
1166 1875 1204 1915 a
1252 1859 1473 1938 questa
1518 1874 1692 1938 pace,
1740 1859 2150 1938 quantunque
2195 1853 2261 1917 in
2308 1850 2521 1939 parole
2552 1853 2872 1918 mostrassi
2917 1851 3268 1917 altrimenti.
3483 1879 3484 1914 ι

613 1958 742 2024 Sua
790 1957 1183 2023 Excellentia
1244 1959 1330 2021 mi
1389 1959 1694 2044 promisse
1739 1956 1918 2023 voler
1972 1959 2105 2023 sare
2149 1956 2294 2024 bon'
2342 1959 2548 2024 officio
2598 1981 2716 2024 con
2762 1958 3012 2042 lettere,
3073 1958 3268 2024 addu-

614 2065 813 2129 cende
860 2071 1078 2152 queste
1123 2065 1248 2130 due
1292 2064 1627 2151 principali
1670 2066 1918 2151 ragioni
1964 2064 2080 2130 che
2134 2065 2542 2131 l’imminente
2588 2064 2862 2152 pericolo
2908 2064 3009 2130 del
3056 2065 3267 2130 Turco
3289 2072 3352 2126 15

614 2180 674 2236 et
721 2171 783 2236 la
828 2171 1191 2237 confusione
1222 2170 1390 2235 della
1432 2171 1733 2257 religione
1776 2174 1843 2235 in
1874 2169 2222 2237 Germania
2263 2172 2709 2238 doverebbeno
2755 2174 2977 2259 piegar
3018 2171 3268 2236 l’animo

615 2277 679 2342 di
727 2278 858 2343 Sua
905 2278 1151 2343 Maesta
1194 2284 1257 2342 et
1302 2276 1419 2342 che
1464 2299 1649 2364 spera
1693 2279 1757 2342 la
1801 2279 2156 2365 piegeranO.

794 2384 1050 2463 Quanto
1112 2383 1173 2448 al
1233 2383 1495 2448 concilio
1555 2383 1937 2450 declarando
1994 2384 2058 2449 la
2121 2383 2573 2450 deliberatione
2632 2385 2698 2448 di
2745 2385 2877 2450 Sua
2921 2385 3166 2450 Santita
3208 2392 3270 2448 et

615 2488 934 2556 l'effettual
1003 2493 1359 2556 executioni
1418 2489 1706 2556 exhortai
1754 2492 1886 2556 Sua
1931 2490 2326 2556 Excellentia
2385 2491 2623 2557 volesse
2669 2514 2706 2556 0
2751 2493 2970 2557 venire
3014 2514 3052 2556 0
3097 2514 3266 2556 man-

616 2598 768 2663 dare
815 2621 854 2661 a
884 2597 1192 2665 Vicentia.
1251 2597 1310 2662 al
1361 2597 1476 2663 che
1521 2599 1608 2662 mi
1654 2597 1723 2663 fu
1769 2600 2034 2686 risposto
2082 2597 2198 2663 che
2242 2597 2406 2665 della
2437 2599 2782 2665 mutatione
2826 2596 2931 2664 del
2974 2597 3111 2664 loco
3141 2598 3357 2664 Suam

618 2705 1014 2771 Excellentia
1058 2728 1182 2771 non
1232 2728 1310 2771 ne
1357 2705 1560 2771 havea
1603 2705 1842 2771 havuto
1889 2707 2120 2771 noticia
2166 2705 2427 2788 alcuna,
2482 2713 2547 2770 et
2591 2704 2706 2771 che
2751 2708 2959 2792 prima
3002 2706 3071 2770 fu
3115 2708 3266 2770 invi-

617 2821 747 2877 tato
794 2835 834 2875 a
879 2812 1162 2895 Mantua,
1209 2820 1272 2877 et
1318 2811 1431 2876 che
1479 2812 1732 2899 quando
1781 2815 1925 2877 sara
1970 2811 2284 2877 chiamato
2329 2812 2415 2877 da
2460 2813 2591 2878 Sua
2636 2812 2913 2894 83111113,
2962 2834 3027 2877 80
3072 2815 3267 2899 potra,

618 2942 683 2983 se
743 2919 1020 2984 sforzera
1078 2919 1324 3001 venire,
1385 2941 1450 2983 se
1508 2941 1634 2984 non
1694 2921 1906 3005 potra‚
1968 2919 2275 2984 mandera
2332 2919 2429 2983 sui
2487 2917 2934 2984 ambasciatori
2981 2928 3043 2985 et
3088 2921 3266 3005 signi-

616 3024 851 3089 fichera
896 3024 939 3089 11
989 3023 1248 3110 bisogno
1295 3024 1456 3089 delle
1503 3048 1613 3090 sue
1660 3026 1987 3111 provincie
2031 3048 2148 3090 con
2195 3025 2397 3090 ferma
2445 3047 2752 3111 speranza
2797 3024 2913 3090 che
2958 3025 3089 3091 Sua
3119 3026 3267 3091 San—

617 3134 732 3196 tita
790 3139 852 3196 et
923 3129 1131 3218 quella
1199 3138 1382 3196 santa
1454 3133 1938 3218 congregatione
2005 3131 2442 3218 provederano
2501 3154 2542 3195 a
2601 3138 2775 3196 tanto
2836 3130 3104 3219 bisogno
3161 3155 3268 3219 per
3283 3136 3349 3189 Ξῖ)

619 3239 1094 3303 conservatione
1140 3236 1306 3302 della
1349 3235 1668 3324 religione.

798 3345 900 3410 Ho
947 3346 1145 3409 inteso
1193 3343 1309 3408 che
1355 3344 1484 3410 Sua
1531 3343 1929 3409 Excellentia
1971 3342 2060 3407 fin
2110 3345 2219 3431 qui
2265 3345 2302 3408 ὲ
2349 3350 2513 3409 stata
2556 3352 2882 3410 constante
2927 3347 3095 3412 nella
3123 3370 3272 3412 vera

620 3451 921 3538 religione
967 3459 1029 3517 et
1073 3450 1352 3516 anchora
1382 3473 1466 3515 va
1511 3450 2009 3537 perseverand03
2054 3473 2162 3515 ma
2206 3472 2397 3537 sopra
2440 3450 2629 3515 modo
2675 3451 2966 3518 desidera
3013 3451 3130 3519 che
3175 3452 3272 3518 nel

621 3559 884 3624 concilio
930 3560 1025 3623 sia
1069 3557 1353 3622 relaxata
1398 3557 1460 3621 la
1506 3558 1880 3623 comunione
1927 3555 2044 3621 sub
2091 3565 2376 3644 utraque,
2424 3580 2599 3621 come
2639 3579 2786 3622 cosa
2831 3558 2981 3645 qual
3027 3582 3155 3624 non
3185 3562 3275 3624 sia

622 3673 842 3730 contra
887 3664 1320 3729 l'ordinatione
1377 3664 1442 3728 di
1488 3663 1738 3729 Christo
1793 3671 1856 3727 et
1915 3664 2009 3757 sia
2066 3685 2181 3749 per
2234 3670 2487 3749 portare
2532 3687 2692 3750 gran
2738 3664 3128 3752 tranquillita
3172 3663 3350 3730 anim

621 3773 813 3835 animi
883 3770 1031 3835 delli
1099 3771 1347 3858 populi,
1418 3780 1479 3835 et
1538 3792 1652 3856 per
1711 3768 2055 3835 contenerli
2112 3771 2178 3834 in
2234 3769 2440 3834 officio
2495 3778 2558 3835 et
2603 3769 2994 3836 subiectione
3039 3771 3105 3837 di
3151 3772 3277 3838 Sua

622 3878 869 3943 Santita
912 3885 975 3941 et
1021 3877 1084 3941 di
1132 3877 1341 3964 quella
1386 3886 1606 3942 sancta
1652 3877 1799 3943 sede
1845 3877 2205 3964 apostolica.

800 3984 923 4048 Per
970 3992 1188 4072 questo
1235 3984 1443 4050 effetto
1491 3987 1634 4049 sara
1695 3985 2044 4049 necessario
2100 3983 2216 4049 che
2263 3984 2393 4049 Sua
2437 3984 2684 4050 Santita
2729 3986 3191 4072 perseverando
3235 3985 3274 4050 11

623 4090 886 4157 concilio
947 4093 1155 4156 scriva
1215 4090 1425 4156 alcuni
1485 4091 1663 4157 brevi
1723 4115 1763 4155 3
1809 4093 1940 4157 Sua
1985 4090 2384 4157 Excellentia
2442 4098 2504 4155 et
2549 4115 2588 4155 a
2647 4094 2794 4156 tutti
2839 4092 2885 4157 li
2929 4092 3168 4159 elettori
3216 4100 3274 4156 et

623 4200 704 4264 ad
752 4198 964 4263 alcuni
1010 4199 1154 4263 altri
1199 4200 1469 4285 principi
1517 4199 1582 4263 di
1628 4199 2002 4281 Germania,
2051 4200 2222 4286 quali
2267 4200 2319 4263 si
2365 4200 2636 4263 stimano
2683 4200 2847 4264 assai
2892 4207 2958 4264 et
3000 4197 3346 4287 pensano35

622 4329 792 4370 esser
835 4307 1186 4370 necessario
1245 4305 1361 4369 che
1407 4305 1536 4370 Sua
1582 4306 1830 4370 Santita
1873 4305 1916 4369 li
1962 4306 2187 4370 intima
2231 4305 2292 4369 la
2337 4307 2682 4371 mutatione
2728 4305 2829 4370 del
2889 4307 3028 4372 1000
3040 4357 3060 4391 ‚
3106 4328 3271 4371 come

623 4420 842 4501 questo
890 4413 1175 4498 principe
1222 4413 1645 4477 chiaramente
1691 4414 1776 4476 mi
1825 4412 1908 4476 ha
1960 4411 2342 4498 significatO,
2402 4414 2481 4476 ne
2527 4413 2717 4478 credo
2763 4415 3068 4479 venii-ano
3113 4413 3270 4478 altri·

623 4522 834 4584 menti.

770 4749 813 4814 ¹)
859 4752 973 4819 1⁷92.
1012 4751 1147 4804 oben
1182 4766 1268 4804 nr.
1308 4755 1393 4805 16.
