3500 5300
1200 363 1299 417 Nc.
1341 363 1472 417 124:
1511 362 1651 416 1535
1687 362 1890 415 Januar
1923 363 2009 417 27.
2836 358 2946 420 825

269 570 369 625 est
418 562 604 626 etiam
655 563 1057 626 consiliorum
1121 561 1401 625 omnium
1463 561 1756 625 dominus
1803 559 2179 626 Ambrosius
2226 562 2623 644 RicalcatuS,
2685 564 2792 650 qui
2850 569 2945 626 est
3017 560 3156 611 1535

270 692 432 732 suus
478 670 865 733 secretarius.
957 675 1051 732 est
1094 669 1149 731 is
1194 669 1402 754 patria
1448 667 1827 752 Mediolan0‚
1874 669 1974 732 vir
2019 669 2292 755 quidem,
2342 677 2410 732 ut
2456 670 2688 755 passim
2736 638 3096 750 audi0‚J⁶m'
3132 632 3211 682 2⁷

268 798 402 839 non
475 777 729 839 omnino
797 774 1134 839 laudabilis
1164 777 1234 860 ⁸).
1328 797 1574 861 semper
1643 775 1942 840 discurrit
2009 797 2123 861 per
2178 775 2480 862 palatium
2530 775 2941 863 apostolicum

268 882 466 946 modo
511 890 575 946 et
619 884 936 946 maximae
980 881 1150 967 apud
1197 904 1428 968 papam
1475 883 1794 968 potentiae
1840 890 1935 947 est
1981 883 2273 947 dominus
2311 883 2533 947 Bosius
2580 881 2858 972 [Sfortia]
2887 883 2943 971 Β)

216 998 475 1074 5goner
519 989 687 1053 Suae
734 989 1130 1070 SanctitatiS,
1194 989 1376 1075 cujus
1421 987 1588 1052 filius
1634 991 1818 1053 etatis
1864 1012 2174 1054 annorum
2230 1000 2305 1055 13
2357 990 2477 1054 tuit
2521 1013 2726 1077 nuper
2773 1013 2943 1054 crea·

268 1105 375 1161 tus
427 1095 767 1160 cardinalis
835 1094 1021 1159 simul
1091 1118 1235 1159 cum
1306 1117 1432 1159 uno
1500 1094 1629 1160 filio
1698 1096 1938 1160 domini
1982 1096 2156 1160 Petri
2205 1096 2449 1183 Aloysii
2497 1097 2785 1161 Farnesii
2832 1095 2943 1160 filii

266 1226 515 1289 papae,
573 1203 735 1267 sicut
778 1202 1015 1267 Vostra
1060 1202 1259 1288 Regia
1307 1201 1607 1288 Majestas
1677 1204 1882 1288 potuit
1949 1202 2267 1267 audivisse
2311 1204 2504 1290 prius.
2599 1205 2732 1290 ipsc
2776 1202 2944 1267 filius

268 1310 467 1374 modo
512 1332 637 1374 non
687 1315 781 1374 est
826 1309 1084 1393 Romae,
1132 1309 1242 1373 sed
1289 1309 1406 1373 ivit
1451 1310 1532 1373 ad
1580 1332 1695 1373 sua
1742 1317 1952 1374 castra
1983 1309 2050 1397 ¹).

457 1416 784 1496 Quantum
848 1417 1073 1480 attinet
1139 1415 1327 1480 modo
1388 1416 1471 1480 ad
1517 1416 1584 1480 id
1631 1417 1800 1503 quod
1848 1418 2052 1502 magis
2097 1418 2428 1503 importat,
2500 1419 2679 1504 cujus
2748 1419 2942 1482 animi

185 1533 250 1584 lo
269 1523 570 1588 ostendat
615 1546 680 1587 se
726 1545 860 1587 esse
905 1524 969 1587 in
1018 1523 1402 1609 adjuvandis
1457 1522 1648 1588 rebus
1693 1523 1872 1606 fidei,
1932 1525 2143 1610 opinio
2191 1523 2543 1611 aliquorum
2591 1531 2683 1589 est
2728 1523 2942 1611 hujus-

268 1630 450 1694 modi
499 1629 667 1717 quod
728 1631 862 1716 ipse
930 1628 1197 1694 libenter
1266 1629 1512 1694 videret
1579 1630 1750 1717 quod
1821 1639 2104 1716 tempore
2173 1632 2270 1695 sui
2337 1630 2742 1717 pontificatus
2788 1630 2940 1695 nihil

268 1760 578 1823 magnum
627 1744 691 1801 et
736 1735 891 1800 nihil
936 1735 1206 1800 arduum
1256 1743 1663 1820 tractaretur,
1724 1738 1920 1801 immo
1981 1738 2147 1824 quod
2199 1737 2533 1803 conabitur
2578 1738 2829 1802 differre
2873 1740 2940 1802 in

270 1853 565 1930 tempora
611 1865 866 1908 suorum
928 1865 1363 1908 successorum
1434 1845 1699 1930 negocia
1769 1845 2068 1930 graviora
2135 1852 2199 1908 et
2263 1845 2398 1930 ipse
2465 1843 2645 1908 dabit
2689 1867 2937 1909 omnem

270 1973 533 2038 operam
581 1956 651 2014 ut
697 1951 969 2036 quietius
1014 1973 1204 2037 quam
1249 1951 1445 2036 possit
1503 1973 1618 2037 pro
1681 1973 1746 2014 se
1807 1953 1941 2037 ipse
1999 1951 2279 2038 potiatur
2324 1951 2692 2037 pontificatu
2739 1959 2804 2016 et
2847 1953 2938 2015 in-

182 2070 249 2121 15
268 2067 447 2124 terea
491 2058 796 2122 instauret
841 2079 1018 2120 suam
1066 2056 1369 2122 familiam
1416 2065 1480 2122 et
1525 2080 1704 2122 suam
1752 2059 2040 2144 patriam.
2131 2060 2221 2122 ita
2266 2058 2409 2123 dico
2457 2056 2652 2144 aliqui
2697 2060 2939 2144 sapien-

266 2173 362 2229 tes
408 2165 536 2228 viri
581 2166 859 2228 sentiunt
903 2170 1159 2250 propter
1208 2163 1419 2228 multa·
1448 2185 1611 2251 quae
1642 2164 1948 2229 hactenus
1994 2162 2428 2229 observarunt.
2505 2187 2621 2251 ego
2667 2186 2818 2229 vero
2850 2166 2940 2229 ita

256 2272 552 2358 judicavi
620 2293 703 2336 ex
771 2293 1056 2335 sermone
1125 2292 1238 2334 suo
1305 2271 1471 2358 quod
1546 2272 1737 2335 immo
1785 2269 1916 2336 Sua
1963 2270 2279 2337 Sanctitas
2333 2270 2523 2337 vellet
2568 2278 2632 2336 et
2679 2279 2940 2358 cuperet

265 2380 403 2465 ipse
453 2377 715 2463 aggredi
764 2379 1030 2463 negocia
1074 2378 1357 2441 maxima
1402 2384 1464 2441 et
1522 2385 1877 2442 restaurare
1937 2379 2190 2465 quidem
2239 2378 2605 2465 religionem
2651 2386 2714 2443 et
2760 2378 2937 2444 Chri-

268 2486 674 2550 stianitatem.
770 2485 977 2567 credo,
1025 2485 1203 2568 dico,
1248 2484 1419 2571 quod
1467 2484 1586 2550 hoe
1635 2486 1714 2549 sit
1761 2485 2142 2550 desiderium
2189 2508 2373 2550 suum
2420 2493 2485 2550 et
2529 2485 2718 2551 credo
2766 2487 2935 2573 quod

183 2603 250 2658 20
268 2591 400 2658 Sua
450 2591 767 2658 Sanctitas
812 2599 1024 2679 sperat
1069 2614 1251 2679 posse
1319 2593 1508 2658 etiam
1578 2593 1789 2658 facere
1859 2615 2021 2680 quae
2089 2600 2302 2680 optat3
2349 2591 2458 2658 sed
2508 2593 2697 2658 credo
2744 2594 2934 2659 etiam

269 2699 439 2787 quod
489 2700 842 2786 decipiatur
884 2701 948 2763 in
1005 2698 1157 2782 hoc,
1217 2698 1511 2765 videlicet
1565 2699 1734 2787 quod
1796 2702 1986 2765 nimis
2043 2700 2244 2765 multa
2299 2701 2553 2765 videtur
2596 2700 2757 2766 velle
2802 2724 2932 2765 am-

266 2806 480 2893 plecti,
549 2806 632 2871 ad
702 2805 871 2893 quod
942 2830 1058 2871 sua
1103 2813 1235 2871 etas
1280 2829 1404 2871 non
1449 2808 1682 2892 poterit
1726 2806 2030 2872 sufficere.
2122 2807 2302 2873 verbi
2345 2809 2553 2894 gratia
2600 2808 2731 2872 Sua
2775 2807 2934 2873 Bea-

265 2914 472 2979 titudo
518 2913 672 2977 mihi
718 2913 913 2996 dixit,
982 2936 1179 3001 quum
1225 2913 1303 2977 de
1350 2912 1614 2978 concilio
1661 2921 1826 2978 esset
1870 2936 2109 2978 sermo:
2177 2963 2216 2998 ‚,
2231 2914 2375 2980 volo
2445 2916 2698 2979 omnino
2762 2915 2931 3001 quod

265 3021 376 3085 fiat
421 3020 595 3085 istud
640 3019 996 3103 concilium,
1043 3020 1152 3084 sed
1189 3021 1365 3106 prius
1409 3019 1636 3085 vellem
1683 3043 1910 3107 pacem
1957 3043 2191 3107 ponere
2235 3023 2400 3086 inter
2429 3020 2764 3087 Cesaream
2797 3021 2931 3085 Ma-

182 3129 557 3214 25jestatem
606 3134 667 3191 et
713 3149 924 3213 regem
972 3125 1304 3192 Gallorum
1323 3130 1375 3190 “.
1424 3127 1646 3211 „unde
1692 3128 1932 3192 factum
1979 3131 2142 3211 est“,
2189 3128 2412 3214 inquit,
2460 3128 2682 3215 „quod
2730 3151 2933 3214 nuper

263 3233 438 3299 nolui
498 3256 633 3298 esse
692 3235 759 3298 in
823 3233 1037 3321 aliqua
1100 3234 1243 3320 lega
1302 3256 1465 3321 quae
1523 3234 1998 3321 proponebatur
2013 3237 2066 3315 “2
2157 3233 2356 3317 „volo
2402 3236 2591 3299 etiam
2606 3238 2661 3319 “‚
2707 3236 2929 3322 inquit,

262 3342 661 3428 „reprimere
707 3339 1068 3405 Thurcas“.
1147 3362 1315 3423 ecce,
1361 3340 1545 3406 Sernm
1590 3364 1724 3425 rex,
1780 3347 1928 3405 sunt
1972 3341 2225 3429 quidem
2273 3340 2393 3406 hae
2438 3342 2602 3407 duae
2646 3365 2748 3407 res
2792 3365 2930 3429 pre-

405 3520 450 3567 n)
482 3520 593 3559 stau
621 3530 705 3560 uon
735 3518 909 3559 omnino
936 3517 1178 3559 laudamus
1204 3519 1333 3559 stand
1360 3519 1543 3569 anfanqs
1572 3518 1715 3570 moesi
1745 3518 1917 3569 ingenii
1945 3520 1991 3559 et
2018 3519 2130 3560 uatis
2159 3519 2453 3570 corruptibilia
2481 3520 2534 3560 ut
2557 3519 2676 3560 fama
2703 3522 2784 3561 est.

404 3591 453 3637 b)
480 3590 569 3630 Far
596 3590 673 3630 dm
702 3589 859 3630 Numen
891 3590 947 3629 m
973 3590 1062 3630 cim
1090 3589 1223 3629 Lache
1245 3590 1442 3640 gelas-sen.

180 3682 363 3734 302142·
409 3678 578 3732 Wahl
612 3678 789 3732 Paals
824 3678 938 3732 III
964 3678 1371 3748 hervorrayend
1405 3679 1533 3746 mit,
1582 3678 1619 3747 †
1654 3682 1812 3733 1548.
1867 3709 1920 3717 -
1971 3680 2200 3733 Andrea
2248 3681 2460 3735 Matteo
2509 3680 2775 3734 Palmieri
2825 3698 2928 3734 aas

262 3770 491 3838 Neapel‚
531 3767 809 3822 Cardinal
844 3767 1022 3822 durch
1060 3767 1305 3823 olemms
1346 3768 1469 3823 VII
1495 3768 1713 3837 (1527),
1751 3767 1789 3836 †
1828 3771 1997 3834 15373
2043 3770 2107 3822 in
2143 3770 2241 3823 der
2281 3761 2682 3834 Offentlichkeit
2720 3775 2834 3824 έναι
2869 3786 2928 3824 er

262 3858 432 3911 kaurn
467 3858 676 3911 berver.

406 3944 451 4003 ι”)
503 3946 676 4000 Bosio
722 3944 926 4011 St‘orza
972 3945 1132 4011 Graf
1186 3963 1292 4000 von
1346 3945 1530 4000 Santa
1585 3946 1758 4001 Fiore
1812 3964 1930 4000 war
1975 3947 2080 4001 mit
2132 3947 2488 4016 Constantia,
2544 3947 2645 4001 der
2705 3948 2928 4003 Tochter

262 4035 438 4089 Patds
473 4035 595 4103 III,
632 4035 913 4089 vermahzt.
977 4035 1084 4089 Πιν
1118 4034 1269 4090 Solm
1306 4035 1495 4089 Guido
1531 4036 1782 4091 Ascanio
1818 4035 2033 4104 St‘orza,
2067 4038 2182 4107 yeb.
2213 4036 2514 4091 November
2553 4038 2703 4103 1518,
2740 4035 2928 4090 warde

184 4125 246 4179 35
265 4125 456 4180 bercia
516 4142 608 4178 am
654 4127 724 4177 18
771 4122 1064 4178 December
1107 4127 1247 4177 1534
1304 4141 1412 4179 von
1460 4124 1611 4178 Paul
1656 4126 1768 4179 III
1821 4143 1946 4179 zum
1997 4125 2472 4180 Cardinaldiacon
2528 4123 2645 4190 (δ’δ’.
2704 4123 2819 4178 Viti
2872 4130 2928 4179 et

264 4213 530 4282 Modesti)
569 4218 757 4282 &pater
791 4214 938 4267 auch
972 4231 1096 4267 zum
1133 4214 1485 4268 Camerarius
1523 4213 1579 4267 S.
1616 4214 1684 4269 R.
1723 4214 1795 4267 E.
1835 4216 2093 4283 erhoben5
2141 4232 2198 4269 er
2233 4211 2386 4283 hetsst
2418 4215 2752 4284 yewo'hnlich
2792 4212 2926 4269 Gar-

265 4302 425 4356 dinal
463 4320 565 4357 von
600 4302 787 4356 santa
826 4300 995 4356 Fiore
1031 4301 1296 4367 (Sanctae
1332 4303 1573 4370 Norae).
1656 4302 2011 4373 Gleichzeitiy
2061 4305 2164 4357 mit
2202 4304 2393 4357 Guido
2440 4303 2629 4357 warde
2667 4304 2923 4357 Alessan·

263 4391 362 4444 dro
398 4391 665 4459 Farnese,
702 4391 851 4445 Solm
889 4391 1019 4445 Pier
1054 4390 1300 4461 Imiyi’s,
1354 4391 1445 4446 des
1495 4392 1701 4446 Sohnes
1750 4392 1949 4459 Pauls,
1995 4393 2112 4461 yeb.
2156 4390 2385 4447 Oktober
2423 4395 2596 4460 1520,
2649 4393 2927 4447 Cardinal

264 4480 291 4533 (
288 4480 340 4533 S.
378 4481 581 4548 Anqeh'
616 4480 681 4533 in
700 4480 851 4535 Foro
872 4479 1133 4548 Hscimn,
1176 4483 1310 4534 1535
1338 4480 1429 4534 SS.
1458 4479 1765 4535 Laurentii
1802 4487 1851 4534 et
1887 4481 2163 4545 Damasi).
2230 4481 2318 4534 Er
2353 4482 2541 4535 wttrde
2579 4481 2925 4535 Vicekmoeler

184 4568 585 4624 40derKiv-che
620 4567 744 4622 und
778 4570 932 4623 hatte
967 4570 1072 4623 seit
1108 4569 1231 4624 dem
1260 4569 1455 4624 Stwrze
1493 4569 1586 4624 des
1605 4570 1905 4638 Ambroyio
1942 4570 2237 4637 Ricalcati,
2277 4571 2378 4624 der
2414 4573 2498 4625 als
2541 4570 2710 4639 Opfer
2747 4571 2925 4623 seiner

264 4657 378 4712 hier
426 4659 571 4712 auch
618 4675 725 4712 von
766 4658 1020 4727 Veryen'o
1069 4658 1463 4727 anqedeuteten
1499 4658 1795 4712 Habsucht
1829 4659 1952 4712 und
1998 4658 2406 4713 Unredlichkeit
2444 4658 2610 4713 Ende
2644 4662 2783 4712 1537
2816 4660 2921 4727 fiel,

265 4746 352 4801 die
386 4747 640 4803 amtliclae
669 4746 1113 4819 OmesponAenz
1148 4748 1251 4801 mit
1287 4746 1396 4803 den
1432 4745 1686 4805 Nuntien
1721 4764 1792 4803 zu
1830 4747 2031 4816 filhren
2065 4748 2195 4819 (2³91.
2237 4750 2344 4805 Bd.
2383 4749 2455 4811 2).
