3500 5300
1172 352 1271 407 Nc.
1306 353 1428 406 141:
1469 353 1608 408 1535
1644 351 1793 423 April
1830 355 1918 408 28.
2469 391 2474 395 -
2770 351 2879 412 363

205 545 460 611 concilii
508 569 635 611 non
677 544 938 612 deberet
967 545 1158 613 modo
1206 547 1403 611 teneri
1450 548 1657 633 sopita
1702 547 1917 611 multis
1961 547 2041 612 de
2082 549 2304 629 causis,
2352 571 2469 634 ego
2518 548 2658 634 cepi
2703 547 2876 613 aliud
2953 555 3090 604 1535

204 653 564 735 consilium,
611 661 684 718 ut
727 653 964 718 scilicet
1009 654 1352 740 inciperem
1386 676 1426 717 a
1456 653 1690 719 circulo
1721 653 2037 719 Bavarico
2069 662 2261 742 atque
2306 655 2372 718 in
2419 676 2492 719 eo
2539 664 2878 719 tractarem
2898 623 3036 692 Apr.
3068 626 3146 675 28

204 762 542 825 materiam
590 783 733 825 cum
783 759 878 823 his
922 759 1348 847 principibus,
1412 759 1615 825 donec
1679 759 2001 826 debuisset
2044 763 2262 826 venire
2307 769 2646 847 expectata
2691 761 2876 826 Cesa-

204 890 354 932 reae
404 867 756 953 Majestatis
800 868 1137 954 responsio.
1229 867 1487 932 discessi
1532 868 1725 952 igitur
1771 890 1917 932 cum
1964 866 2083 932 hac
2128 870 2318 933 etiam
2366 868 2763 934 conclusione
2812 876 2881 933 ut

153 976 256 1038 5si
302 975 663 1040 invenirem
709 976 925 1039 omnia
986 973 1197 1040 facilia
1265 979 1326 1038 et
1392 975 1528 1038 sine
1596 975 1965 1039 necessitate
2025 974 2210 1040 ullius
2270 974 2745 1041 consultationis
2789 975 2877 1040 fa-

204 1081 492 1164 ciendae,
539 1082 708 1169 quod
755 1080 1050 1146 deberem
1098 1082 1287 1146 etiam
1334 1081 1630 1167 progredi
1676 1080 1937 1146 ulterius
1981 1081 2064 1146 ad
2096 1082 2251 1147 alios
2283 1082 2584 1166 circulos3
2630 1084 2682 1146 si
2729 1105 2882 1147 vero

205 1190 564 1253 invenirem
627 1187 883 1276 aliquod
954 1186 1218 1253 dubium
1289 1187 1393 1252 vel
1466 1186 1945 1272 difficultatem,
2013 1188 2180 1276 quod
2252 1189 2698 1255 descenderem
2768 1212 2882 1275 per

204 1294 588 1360 Danubium
634 1295 717 1361 ad
752 1295 1044 1361 Vestram
1078 1295 1479 1382 Majestatem
1512 1294 1799 1381 Regiam,
1848 1295 2015 1361 unde
2057 1304 2278 1383 postea
2321 1297 2478 1362 irem
2525 1296 2607 1361 ad
2640 1304 2880 1362 ceteros

204 1403 548 1489 principes.

131 1519 190 1570 10
391 1508 585 1575 Volui
645 1508 923 1575 breviter
983 1531 1506 1575 commemorasse
1565 1531 1641 1573 ea
1700 1531 1865 1597 quae
1926 1508 2232 1574 hactenus
2289 1509 2546 1574 fuerunt
2604 1510 2776 1575 dicta
2819 1518 2884 1575 et

207 1615 513 1682 conclusa
555 1617 621 1681 in
669 1614 787 1681 hoc
852 1617 1142 1702 negociO,
1205 1625 1276 1681 ut
1334 1639 1506 1681 nunc
1554 1615 1784 1681 Vestra
1829 1615 2129 1703 Majestas
2170 1616 2375 1701 -Regia
2420 1614 2643 1682 melius
2687 1618 2884 1703 possit

207 1721 562 1809 intelligere
621 1724 687 1786 in
748 1745 872 1810 quo
932 1729 1103 1788 statu
1170 1724 1252 1788 sit
1318 1723 1585 1787 materia
1652 1730 1715 1787 et
1785 1721 2008 1788 melius
2077 1721 2414 1789 consulere.
2509 1723 2722 1811 itaque
2767 1746 2884 1811 per

208 1828 475 1917 longum
535 1838 786 1917 tempus
850 1831 1119 1895 tractavi
1186 1853 1333 1895 cum
1391 1829 1517 1894 Rm⁰
1579 1828 1900 1894 cardinale
1961 1829 2432 1916 Saltzpurgensi
2489 1838 2552 1895 et
2627 1831 2882 1896 tandem

211 1937 344 2002 Sua
390 1936 522 2001 ΒΡ·
567 1936 934 2002 Dominatio
980 1944 1076 2002 est
1132 1935 1320 2001 huius
1379 1937 1694 2023 opinionis
1738 1937 1909 2024 quod
1970 1959 2093 2001 non
2155 1936 2385 2001 vadam
2435 1936 2517 2001 ad
2565 1936 2719 2002 alios
2765 1939 2879 2003 cir·

134 2052 193 2104 15
214 2044 391 2109 culos
438 2044 561 2108 nisi
594 2045 808 2109 veniat
851 2066 1225 2131 responsum
1257 2067 1297 2108 a
1328 2042 1640 2109 Caesarea
1670 2043 2022 2129 Maiestate,
2069 2045 2218 2131 quia
2249 2044 2456 2109 nullus
2487 2043 2641 2108 ordo
2675 2043 2882 2109 nullus

214 2158 416 2216 status
467 2149 676 2215 nullus
721 2152 1018 2238 princeps
1046 2151 1293 2237 imperii
1340 2149 1602 2215 audebit
1645 2150 1857 2215 dicere
1902 2150 2073 2238 quod
2118 2156 2408 2237 acceptat
2453 2150 2785 2215 concilium
2818 2159 2883 2216 et

214 2256 427 2323 locum
478 2255 784 2345 aliquem,
830 2258 952 2322 nisi
998 2258 1175 2344 prius
1218 2255 1576 2343 intelligant
1620 2257 1791 2345 quod
1840 2255 2154 2322 Caesarea
2198 2265 2261 2322 et
2307 2257 2536 2323 Vestra
2581 2256 2883 2344 Majestas

216 2366 665 2451 acceptaverit,
712 2387 829 2451 pro
874 2362 1088 2429 debito
1135 2362 1372 2430 honore
1402 2372 1466 2429 et
1495 2366 1851 2430 reverentia
1894 2387 2086 2452 quam
2119 2387 2337 2429 omnes
2383 2363 2619 2429 debent
2647 2363 2883 2430 habere

216 2473 471 2559 utrique
514 2470 835 2557 Majestati
879 2471 1164 2553 Vestrae,
1211 2478 1276 2536 et
1318 2471 1487 2559 quod
1535 2473 1725 2536 etiam
1774 2494 1891 2558 ego
1937 2494 2063 2537 non
2110 2493 2310 2536 essem
2355 2479 2529 2536 tutus
2574 2472 2638 2535 in
2670 2471 2882 2536 multis

137 2577 388 2663 solonis,
436 2579 492 2641 si
538 2601 663 2642 non
723 2576 1024 2643 haberem
1083 2579 1149 2642 in
1221 2579 1523 2643 comitatu
1591 2601 1731 2643 meo
1794 2578 2073 2666 aliquam
2133 2601 2469 2666 personam
2515 2580 2581 2641 in
2630 2579 2882 2643 nomine

217 2685 624 2772 Majestatum
674 2686 1060 2751 Vestrarum.
1155 2686 1382 2751 deinde
1450 2686 1625 2751 dedit
1694 2686 2021 2751 consilium
2091 2685 2261 2773 quod
2333 2685 2562 2750 vadam
2624 2689 2882 2750 omnino

219 2792 297 2857 ad
370 2793 567 2857 duces
622 2792 967 2877 Bavariae,
1036 2794 1187 2879 quia
1242 2794 1362 2880 ipsi
1423 2791 1583 2858 bene
1655 2792 2148 2858 consolabuntur
2218 2792 2436 2858 audire
2507 2793 2678 2880 quod
2750 2816 2882 2856 ma-

219 2902 376 2964 teria
445 2897 700 2965 concilii
743 2900 880 2986 jam
938 2906 1276 2965 tractarem
1346 2901 1516 2965 omni
1576 2901 1738 2965 serio
1806 2907 1871 2964 et
1923 2898 2168 2965 dabunt
2227 2898 2378 2964 mihi
2435 2899 2764 2965 consilium
2821 2907 2884 2964 et

218 3005 547 3071 auxilium.

137 3119 201 3172 25
397 3114 583 3193 Haec
631 3121 780 3178 sunt
825 3112 1103 3178 breviter
1149 3135 1312 3201 quae
1343 3136 1459 3199 ego
1490 3115 1698 3201 recepi
1744 3112 1828 3178 ab
1875 3114 1993 3178 isto
2040 3112 2208 3179 bono
2255 3114 2528 3197 domino,
2575 3115 2681 3201 qui
2716 3121 2883 3178 certe

220 3220 371 3285 mihi
418 3222 597 3285 visus
641 3229 737 3286 est
781 3243 1051 3306 magnae
1101 3221 1529 3307 experientiae
1573 3229 1637 3286 et
1680 3221 2053 3307 prudentiae
2099 3228 2163 3285 et
2208 3219 2394 3285 valde
2439 3221 2701 3285 affectus
2748 3220 2882 3284 Ma-

209 3328 427 3414 jestati
458 3328 742 3392 Vestrae.
835 3326 1153 3393 conclusio
1198 3349 1352 3392 vero
1385 3328 1574 3392 totius
1612 3329 1916 3392 materiae
1960 3334 2054 3391 est
2098 3327 2241 3392 talis
2287 3328 2456 3415 quod
2504 3329 2583 3391 sit
2630 3350 2882 3392 neccsse

221 3434 392 3522 quod
440 3435 620 3521 prius
665 3433 978 3499 Caesarea
1021 3441 1085 3499 et
1129 3434 1358 3500 Vestra
1401 3434 1706 3521 Majestas
1767 3436 1847 3499 sit
1904 3457 2168 3499 concors
2213 3434 2292 3499 de
2338 3436 2475 3500 loco
2522 3441 2584 3500 et
2628 3434 2707 3499 de
2754 3457 2884 3499 om-

222 3540 408 3605 nibus
453 3563 619 3628 quae
666 3540 747 3604 ad
780 3539 1229 3606 celebrandum
1269 3540 1605 3606 concilium
1624 3542 1922 3617 ‚attinent
1970 3564 2112 3605 cum
2160 3540 2476 3628 pontifice,
2522 3548 2584 3607 et
2629 3541 2883 3629 quando

141 3648 343 3713 30ista
387 3648 735 3713 concordia
780 3649 900 3712 erit
932 3648 1071 3735 jam
1119 3648 1319 3729 facta,
1367 3646 1515 3713 hinc
1560 3656 1780 3735 potero
1827 3670 1943 3734 ego
1991 3649 2083 3713 ire
2129 3648 2209 3713 ad
2257 3649 2574 3735 principes
2619 3648 2882 3713 Germa·

223 3756 363 3819 niae
422 3755 803 3842 conjunctus
865 3777 1009 3819 cum
1070 3777 1198 3819 uno
1257 3762 1505 3820 oratore
1552 3755 1922 3821 Vestrarum
1972 3754 2313 3820 Sacrarum
2359 3754 2761 3841 Majestatum
2821 3763 2885 3820 et

222 3861 449 3927 faciam
495 3864 773 3927 fructum
821 3859 1072 3927 bonum.

402 3967 704 4055 Supplico
763 3969 974 4056 itaque
1021 3967 1285 4033 Vestrae
1330 3969 1566 4054 Regiae
1612 3968 1931 4056 Majestati
1977 3976 2049 4034 ut
2104 3971 2336 4033 iterum
2381 3968 2679 4054 dignetur
2736 3969 2882 4031 scri-

223 4073 377 4141 bere
404 4075 486 4139 ad
519 4076 1006 4140 sacratissimam
1040 4074 1416 4140 Caesaream
1449 4075 1864 4162 Majestatem,
1911 4083 1982 4140 ut
2013 4074 2251 4141 scribat
2281 4076 2635 4162 opinionem
2684 4097 2883 4157 suam,
2978 4082 2981 4087 ’

146 4184 277 4246 35si
323 4181 670 4247 concordat
712 4205 857 4247 cum
906 4183 1198 4269 opinione
1242 4181 1589 4268 pontificis,
1649 4190 1711 4247 et
1758 4184 1809 4246 si
1853 4183 2137 4264 videtur,
2199 4180 2435 4247 scribat
2479 4183 2666 4245 etiam
2714 4181 2883 4269 quod

220 4290 351 4375 jam
399 4289 526 4354 duo
574 4289 891 4375 principes
960 4288 1259 4353 dixerunt
1327 4288 1514 4371 mihi,
1582 4289 1823 4354 scilicet
1868 4289 2022 4353 R¹¹¹¹¹⁸
2089 4290 2143 4353 is
2213 4287 2552 4353 cardinalis
2618 4295 2680 4352 et
2747 4289 2883 4353 dux

228 4395 725 4477 Brunsvicensis,
784 4395 954 4482 quod
1015 4418 1139 4460 non
1188 4394 1613 4481 acceptabunt
1657 4393 1991 4460 concilium
2039 4417 2244 4483 neque
2290 4394 2498 4459 locum
2544 4396 2665 4459 nisi
2709 4396 2885 4480 prius

228 4501 533 4568 videbunt
578 4502 748 4588 quod
795 4502 1061 4566 Vestrae
1108 4502 1341 4566 Sacrae
1388 4501 1749 4587 Majestates
1796 4504 2268 4588 acceptaverint
2312 4504 2516 4586 ipsae,
2576 4508 2639 4564 et
2684 4523 2882 4564 unum

230 4607 488 4673 verbum
539 4608 736 4673 addat
779 4611 969 4672 etiam
1017 4608 1096 4672 de
1141 4616 1386 4672 oratore
1432 4630 1559 4671 uno
1623 4607 1772 4671 mihi
1832 4607 2252 4694 adjungendo.
2347 4628 2464 4692 ego
2510 4607 2577 4670 in
2622 4607 2885 4671 materia

153 4710 350 4778 40hac
390 4735 516 4778 non
565 4713 784 4797 deci-0,
843 4714 993 4801 quia
1051 4713 1144 4777 ita
1202 4720 1295 4777 est
1340 4734 1507 4776 nova
1556 4713 1911 4777 commissio
1972 4711 2182 4777 adhuc
2241 4709 2553 4798 pontificis
2612 4718 2684 4776 ut
2739 4716 2885 4774 utar
