3500 5300
1103 346 1202 402 No,
1239 347 1507 401 4*-5*:
1550 347 1684 402 1537
1722 347 1866 400 Marz
1903 347 2150 402 21.—24.
2854 344 2959 404 427

474 539 743 606 Gratum
804 541 991 608 valde
1047 543 1230 607 nobis
1293 553 1356 607 et
1415 553 1521 608 tua
1583 544 1822 629 pietate
1883 542 2142 628 dignum
2201 543 2439 621 fecisti,
2499 546 2607 628 qui
2656 567 2799 608 cum
2847 567 2963 629 per

294 648 449 713 alias
495 649 711 714 literas
745 654 787 732 ¹)
835 660 900 714 te
946 650 1291 715 fuissemus
1340 650 1571 714 hortati
1634 661 1697 714 ut
1760 652 2312 736 appropinquante
2370 652 2496 735 jam
2557 650 2960 715 incohatione

292 757 607 840 generalis
666 758 918 822 concilii
975 759 1043 821 in
1100 766 1210 822 tua
1269 760 1529 823 civitate
1588 757 1896 822 Mantuae
1970 781 2087 843 per
2146 781 2260 820 nos
2320 757 2542 821 indicti
2605 781 2741 820 eam
2797 758 2959 823 bene

293 872 731 950 praeparatam
765 862 853 929 'et
916 864 1289 950 dispositam
1350 876 1485 928 tum
1546 866 1610 928 in
1670 865 1966 950 hospitiis
2027 874 2159 928 tum
2223 867 2284 927 in
2342 864 2660 928 victualiis
2710 873 2770 928 et
2819 866 2958 928 aliis

240 973 669 1036 5necessariis
716 972 951 1036 habere
998 972 1195 1037 velles
1244 971 1325 1037 ad
1385 981 1595 1036 tantos
1664 971 1948 1058 hospites
2018 969 2463 1057 recipiendos,
2532 970 2598 1035 id
2665 981 2729 1035 te
2789 974 2955 1035 omni

289 1077 792 1165 promptitudine
855 1088 919 1143 et
977 1078 1190 1143 studio
1238 1089 1719 1165 procuraturum
1781 1078 2276 1164 effecturumquc
2325 1077 2509 1142 nobis
2558 1079 2958 1164 respondisti.

292 1188 504 1272 itaque
554 1188 675 1250 etsi
721 1186 873 1250 nihil
923 1186 1093 1250 aliud
1142 1210 1179 1251 a
1226 1195 1289 1250 te
1338 1188 1851 1272 expectavimuS,
1906 1195 2118 1250 tamen
2167 1185 2328 1250 hanc
2389 1186 2955 1271 promptitudinem

290 1300 465 1357 tuam
511 1291 851 1357 admodum
913 1302 1157 1378 gratam
1219 1296 1641 1379 suscipientes
1701 1302 1764 1358 et
1810 1296 1876 1356 in
1923 1292 2180 1357 domino
2239 1290 2755 1357 commendantes
2814 1293 2959 1357 hor-

290 1409 499 1465 tamur
555 1409 625 1465 nt
685 1423 810 1486 quo
872 1403 1071 1485 magis
1127 1407 1379 1487 tempus
1427 1407 1830 1487 approperat,
1889 1422 1964 1465 eo
2025 1399 2373 1464 studiosius
2423 1424 2554 1465 rem
2613 1424 2834 1485 urgere
2895 1413 2956 1465 ct

203 1517 271 1570 10
290 1508 643 1572 accelerare
676 1530 877 1573 cures,
954 1530 1071 1572 nos
1120 1509 1286 1572 enim
1318 1507 1692 1594 propediem
1724 1508 2047 1571 mittemus
2098 1510 2260 1570 istuc
2307 1529 2499 1570 unum
2547 1531 2626 1571 ex
2659 1508 2956 1593 praelatis

290 1618 543 1694 nostriS,
590 1618 699 1702 qui
747 1624 1026 1679 nostram
1075 1618 1265 1679 etiam
1312 1618 1753 1679 auctoritatem
1803 1623 1950 1678 tuae
1983 1613 2350 1696 diligentiae
2383 1612 2684 1699 adjungat
2717 1625 2958 1680 tecum-

290 1745 412 1808 que
460 1730 608 1808 agat
654 1720 734 1786 de
780 1722 1091 1787 omnibus
1169 1721 1340 1806 quod
1389 1731 1599 1787 autem
1647 1722 1873 1786 scribis
1906 1731 2128 1807 optare
2177 1732 2239 1786 te
2271 1724 2541 1806 majores
2573 1745 2758 1806 quam
2810 1733 2955 1788 tuae

291 1832 420 1894 sint
448 1832 620 1896 vires
667 1829 750 1894 ad
781 1832 1189 1895 securitatem
1238 1829 1359 1892 loci
1407 1853 1445 1893 a
1491 1839 1554 1893 te
1603 1828 2069 1914 praestandam,
2117 1828 2197 1892 (le
2245 1832 2466 1913 quain
2503 1833 2730 1893 nostris
2765 1830 2848 1895 ad
2893 1841 2957 1894 te

288 1937 491 2002 literis
539 1939 923 2002 mentionem
973 1937 1342 2012 feceramuS,
1392 1936 1550 2000 nihil
1597 1944 1697 2000 est
1742 1936 1825 1998 fili
1877 1936 2047 2020 quod
2097 1935 2176 1999 do
2226 1936 2344 2000 hac
2389 1959 2457 2000 re
2506 1939 2592 2000 sis
2627 1937 2955 2002 sollicitus

202 2052 273 2106 15
291 2068 431 2110 eam
462 2047 629 2108 enim
675 2044 798 2109 loci
832 2047 1235 2109 securitatem
1284 2064 1398 2107 nos
1432 2043 1585 2107 nihil
1621 2043 1794 2108 aliud
1842 2066 2029 2127 qutun
2078 2041 2454 2129 prudentem
2494 2044 2954 2109 ordinationem

289 2160 435 2216 tuae
493 2153 774 2217 civitatis
822 2151 1282 2228 intelleximus,
1342 2174 1465 2235 qua
1526 2149 1844 2214 mediante
1898 2154 2271 2236 cunctisque
2319 2159 2506 2214 antea
2552 2153 2616 2214 in
2663 2151 2955 2238 hospitiis

291 2270 352 2324 et
402 2259 723 2324 victualiis
771 2260 1039 2342 aliisque
1086 2260 1415 2343 oportunis
1464 2281 1501 2321 a
1548 2268 1611 2322 te
1658 2260 2072 2343 praeparatiS,
2117 2258 2286 2343 quod
2353 2260 2413 2320 in
2476 2267 2568 2321 tot
2631 2262 2953 2323 nationum

287 2369 663 2452 praesertim
720 2365 1116 2430 diversarum
1177 2388 1491 2430 concursu
1553 2365 1738 2430 valde
1809 2368 2238 2429 necessarium
2299 2376 2414 2445 est,
2472 2367 2685 2450 quieta
2746 2370 2956 2431 onmia

291 2477 459 2539 intus
507 2482 978 2559 praestarentur
1024 2495 1139 2536 nec
1188 2472 1313 2537 ulla
1354 2473 1873 2559 perturbationis,
1919 2470 2451 2557 quemadmodum
2485 2475 2545 2536 in
2580 2483 2759 2538 tanta
2805 2498 2955 2539 eon-

200 2593 272 2645 20
290 2582 646 2667 fluentiunr
699 2583 1005 2645 varietate
1083 2591 1145 2644 et
1222 2580 1625 2643 multitudine
1704 2602 2162 2667 saepenumero
2239 2579 2523 2644 accidere
2600 2585 2955 2661 consuevit,

290 2693 539 2753 occasio
599 2689 1037 2775 praeberetur,
1107 2691 1270 2753 sicut
1339 2712 1466 2751 non
1537 2687 1900 2752 dubitamus
1947 2696 2011 2751 te
2058 2711 2174 2773 pro
2222 2696 2332 2751 tua
2378 2688 2717 2773 prudentia
2764 2702 2954 2774 atque

291 2797 529 2861 honore
578 2799 767 2861 etiam
816 2798 951 2859 sine
998 2795 1440 2859 adhortatione
1498 2804 1713 2858 nostra
1774 2790 2150 2859 effecturum
2211 2795 2433 2858 fuisse.
2525 2818 2746 2859 verum
2796 2796 2953 2861 haee

290 2905 431 2988 ipsa
476 2903 725 2989 plenius
772 2903 1046 2967 dilectus
1078 2903 1243 2967 filius
1277 2913 1490 2965 noster
1535 2901 1872 2965 cardinalis
1905 2901 2296 2966 Mantuanus
2330 2902 2529 2966 frater
2561 2912 2705 2967 tuus
2737 2913 2953 2967 nostro

286 3012 467 3096 jussu
514 3010 597 3074 ad
642 3010 845 3074 Tuam
892 3010 1311 3074 Nobilitatem
1360 3009 1711 3096 perscribet
1736 3011 1801 3092 ²).

198 3130 272 3183 25
468 3119 709 3182 Datum
759 3128 835 3183 21
890 3120 1094 3181 martii
1148 3127 1313 3183 1537
1364 3117 1605 3181 Romae
1652 3115 1824 3202 apud
1871 3126 2158 3180 sanctum
2206 3116 2465 3180 Petrum
2494 3120 2558 3198 ³).

3034 550 3176 599 1537

2982 619 3122 671 Mra.
3159 621 3227 671 21

2971 3136 3112 3189 Mrz.
3150 3140 3220 3190 21

290 3351 409 3419 5*.
502 3351 749 3432 Herzog
793 3350 1135 3415 Friedrich
1180 3370 1299 3413 von
1332 3349 1620 3413 Mantua
1651 3371 1739 3413 an
1780 3349 2100 3413 (fardinal
2137 3348 2438 3413 Hercules
2477 3370 2596 3413 von
2627 3350 2952 3415 Mantua:
2972 3367 3110 3421 Mn,
3147 3371 3219 3421 24

290 3457 634 3521 entwiclcclt
677 3457 946 3522 weskalb
992 3478 1062 3520 er
1108 3457 1364 3537 darauf
1397 3456 1676 3520 bestehen
1722 3462 1943 3527 mii-sse,
1993 3457 2124 3539 dast
2165 3478 2286 3521 ,εἰιν
2316 3457 2366 3520 S
2371 3457 2666 3539 iclaeruny
2712 3459 2951 3522 ehenso-

289 3565 407 3629 wol
451 3567 563 3629 ‹Ie-r
616 3564 1155 3630 Concilsbesuoher
1212 3566 1329 3627 wie
1398 3565 1605 3627 semer
1673 3565 1930 3651 eiqeqwn
1979 3563 2166 3628 Stadt
2225 3565 2362 3627 und
2425 3565 2657 3628 Person
2720 3566 2952 3647 (usser-

290 3672 670 3737 ordentliche
702 3672 1081 3754 Mcyareyeln
1128 3671 1438 3751 eryrfflkn,
1470 3671 1906 3735 insbesondm·e
1952 3673 2058 3735 cin
2090 3671 2677 3736 Sicherloeitsdienst
2707 3673 2952 3751 bemaff—

197 3774 462 3843 30neter
506 3781 646 3844 und
690 3781 1022 3844 hermene?-
1067 3778 1493 3859 Mannschaft
1540 3778 1939 3859 einyerichtet
1983 3779 2206 3843 werde.
2301 3780 2467 3842 1537
2513 3779 2712 3844 Mc'irz
2756 3784 2862 3844 24.

432 3925 556 3977 Aus
592 3923 752 3989 Rom,
790 3923 956 3976 Arch.
1010 3922 1128 3975 Vat.
1168 3921 1392 3976 Lettere
1420 3922 1488 3975 de
1524 3922 1760 3991 principi
1801 3921 1923 3977 Vol.
1962 3924 1995 3976 9
2033 3922 2147 3976 foll.
2188 3924 2274 3976 86.
2312 3923 2398 3977 87.
2439 3924 2523 3977 90.
2562 3925 2626 3977 91
2675 3922 2954 4009 Ονίρηῇἰη

502 4030 654 4067 verso
673 4011 944 4066 Ricevuta
970 4012 1010 4065 il
1039 4013 1135 4075 27;
1174 4017 1351 4065 umen
1378 4028 1481 4065 von
1522 4011 1619 4065 der
1638 4011 1816 4065 Hand
1854 4011 1945 4065 des
1967 4011 2185 4067 Blasio.-
2220 4010 2393 4066 Rome
2421 4012 2509 4065 die
2548 4012 2675 4066 lune
2712 4013 2952 4083 9aprilis

436 4210 477 4280 ¹)
519 4211 781 4264 Niimlieh
809 4209 981 4263 durch
1022 4208 1123 4263 clas
1158 4226 1223 4262 :u
1264 4208 1479 4278 voriqer
1514 4224 1599 4261 nr.
1640 4223 1971 4276 anyezoqene
2007 4207 2184 4261 Breve
2223 4225 2336 4261 vom
2377 4212 2442 4261 15
2481 4207 2755 4261 Februar.

434 4302 479 4369 ²)
532 4302 645 4355 Wie
683 4318 788 4353 aus
826 4299 941 4352 dem
984 4298 1218 4367 Ansany
1257 4298 1347 4351 des
1384 4298 1675 4365 folyemlen
1706 4298 1929 4351 Stiickes
1965 4298 2301 4365 hervoryehss
2350 4298 2497 4351 hatte
2546 4297 2641 4351 der
2680 4297 2956 4353 Carclinaz

197 4392 271 4445 35
290 4409 393 4447 von
432 4392 676 4445 Mantua
736 4390 929 4442 hereses
985 4406 1073 4442 am
1131 4392 1201 4441 12
1250 4388 1370 4441 und
1426 4392 1492 4439 15
1563 4388 1726 4441 Mar:
1782 4405 1858 4440 an
1911 4388 2098 4441 seinen
2153 4387 2381 4441 Bruder
2436 4386 2540 4441 (Ie-u
2600 4387 2811 4456 Hei-:051
2862 4405 2950 4456 ye-

289 4481 585 4535 selu-ichen.

436 4569 476 4637 ³)
518 4569 687 4623 Unter
724 4569 837 4621 clem
866 4568 1109 4638 yle-ichen
1146 4567 1359 4621 Datum
1397 4566 1659 4634 kiindiyle
1698 4566 1795 4618 cler
1833 4566 2008 4634 Papst
2051 4566 2168 4620 dem
2207 4566 2418 4634 Herzoy
2457 4584 2547 4633 (ιη,
2588 4564 2707 4633 dass
2743 4583 2801 4620 er
2839 4568 2948 4619 ihm

291 4661 381 4713 die
413 4660 664 4729 yeweih‘te
698 4658 925 4727 yoldene
964 4658 1104 4712 Rose
1142 4658 1405 4710 rerliehen
1442 4657 1591 4710 habe.
1668 4658 1893 4726 Auszuy
1934 4656 2200 4727 Raynald
2241 4660 2377 4708 1537
2412 4656 2450 4725 ἕ
2488 4659 2519 4708 4
2561 4674 2663 4709 aus
2702 4656 2799 4709 der
2837 4657 2950 4710 Mi-

289 4756 433 4804 nuta
473 4749 651 4819 (Arm.
692 4751 751 4801 41
798 4748 913 4802 vol.
957 4749 1028 4815 ὁ).
