3500 5300
351 501 491 551 1538

314 569 435 624 Juli
473 573 543 623 13

335 3735 457 3790 Juzi
492 3737 560 3788 13

337 3947 460 4003 Juli
494 3951 561 4002 14

559 299 667 358 314
1365 299 1465 354 No.
1504 299 1814 354 101-1022
1853 298 1993 353 1538
2027 297 2137 352 Juli
2175 298 2421 362 13.—14.

561 520 689 561 non
736 498 832 560 sol
892 496 952 561 le
1011 498 1220 581 genti,
1277 517 1381 559 ma
1439 494 1715 560 anchora
1775 493 2022 573 denari,
2069 492 2365 560 havendo
2408 491 2471 556 16
2515 494 2933 578 promissione
2980 490 3048 556 di
3099 489 3234 556 Sua

560 602 967 668 Beatitudine
1015 602 1096 667 de
1143 613 1369 689 queste
1416 601 1680 680 decime,
1723 604 1779 665 si
1825 601 2042 666 valera
2087 600 2299 665 subito
2346 622 2463 686 per
2506 598 2664 663 altra
2709 601 2817 663 via
2862 596 2943 662 de
2990 597 3233 675 danari,

562 709 945 796 assignando
992 711 1098 795 poi
1145 709 1335 795 quelli
1383 707 1501 773 che
1548 711 1604 774 si
1651 711 2040 773 riscoterano
2071 706 2152 772 de
2185 706 2346 771 ditte
2382 705 2643 772 decime.
2734 710 2889 791 pero
2935 704 3232 790 supplica

564 817 695 882 Sua
741 816 988 882 Santita
1034 838 1159 879 non
1208 816 1249 878 li
1297 816 1509 899 voglia
1554 838 1847 880 mancare
1895 817 1960 878 in
2007 824 2185 878 tanto
2229 814 2500 898 bisogno
2546 821 2611 876 et
2664 814 2728 875 in
2775 815 2914 877 cosi
2960 810 3230 875 honesta

562 923 878 1001 richiesta,
923 945 1103 988 come
1149 925 1321 986 tiene
1366 944 1482 1008 per
1528 923 1729 986 fermo
1776 943 1902 985 non
1950 920 2140 986 debia
2183 942 2508 997 mancare,
2552 917 2848 983 havendo
2893 916 3230 1003 risguardo
3279 926 3311 978 5

563 1031 624 1095 al
667 1030 945 1116 pericolo
993 1028 1161 1094 della
1207 1028 1619 1094 Christianita
1679 1039 1745 1093 et
1803 1027 1922 1093 alle
1983 1026 2176 1092 molte
2237 1048 2424 1112 spese
2480 1024 2547 1089 di
2592 1023 2725 1091 Sua
2769 1024 3024 1091 Maesta
3069 1023 3229 1088 fatte

564 1138 1073 1201 continuamente
1120 1144 1343 1200 contra
1388 1157 1534 1200 esso
1579 1134 1810 1214 TurcO,
1855 1157 1972 1220 per
2016 1134 2075 1198 le
2107 1134 2280 1219 quali
2328 1136 2384 1198 si
2429 1141 2612 1197 trova
2657 1132 2892 1197 havere
2923 1130 3228 1196 exhauste

565 1252 728 1308 tutte
775 1243 833 1308 le
880 1266 993 1308 sue
1040 1244 1389 1328 provincie.

741 1349 817 1413 Io
888 1358 1147 1435 expetto
1208 1371 1329 1413 con
1386 1371 1543 1432 gran
1600 1347 1919 1412 desiderio
1977 1349 2203 1412 lettere
2261 1345 2326 1410 di
2387 1344 2475 1412 V.
2536 1345 2599 1411 S.
2654 1345 2786 1410 ΒΡ·
2841 1355 2905 1409 et
2965 1301 3120 1409 lile·
3163 1353 3228 1408 et

564 1459 837 1521 maxime
897 1455 1111 1541 doppo
1172 1456 1233 1518 16
1289 1456 1693 1520 conclusione
1754 1454 1821 1518 di
1878 1464 2105 1539 questa
2173 1463 2398 1538 tregua
2464 1455 2636 1518 circa
2691 1453 2754 1516 la
2813 1454 3080 1517 materia
3135 1449 3309 1516 (11110

567 1564 840 1629 concilio
887 1573 951 1626 et
998 1565 1167 1627 circa
1211 1562 1274 1627 la
1319 1560 1663 1626 concordia
1710 1561 1791 1625 (16
1839 1560 2187 1625 Lutherani
2206 1609 2224 1641 ,
2285 1559 2436 1624 delli
2485 1559 2656 1645 quali
2703 1569 2931 1643 questa
2976 1558 3228 1622 Maesta

566 1680 803 1735 mostra
851 1691 1061 1734 essere
1108 1669 1303 1734 molto
1337 1667 1705 1733 desiderosa
1736 1666 2152 1746 d'intendere‚
2200 1677 2262 1731 et
2311 1669 2362 1730 si
2410 1665 2587 1752 parla
2631 1675 2811 1730 tanto
2845 1667 3230 1731 vat-iamente

566 1777 686 1843 che
734 1779 901 1842 saria
948 1775 1331 1862 expediente
1379 1777 1433 1839 si
1480 1797 1737 1860 sapesse
1786 1775 1831 1839 il
1880 1783 2073 1839 certo,

745 1884 995 1961 Questa
1041 1882 1293 1946 Maesta
1338 1884 1423 1945 mi
1470 1880 1549 1945 ha
1598 1880 1875 1946 anchora
1921 1881 2278 1966 significato
2335 1881 2398 1944 la
2441 1880 2570 1965 liga
2614 1888 2837 1944 eontra
2881 1877 3228 1943 Lutherani

570 2013 778 2057 essere
825 2002 922 2053 tra
969 1989 1175 2053 alcuni
1224 1989 1303 2053 de
1350 1990 1560 2073 questi
1606 1990 1879 2074 principi
1928 1986 2226 2052 catholici
2258 1986 2559 2050 conclusa
2605 1996 2670 2050 et
2713 1986 3008 2069 sigillata,
3052 2007 3228 2049 come
3251 1992 3312 2045 15

566 2102 673 2183 gia
718 2097 896 2161 molti
943 2098 1146 2180 giorni
1196 2094 1593 2180 s'expettava
1626 2098 1687 2176 ¹).
1781 2095 1862 2158 ho
1909 2096 2216 2158 ricercato
2265 2095 2306 2157 li
2343 2094 2637 2178 capituli:
2686 2091 2818 2156 Sua
2848 2091 3100 2156 Maesta
3142 2092 3228 2155 mi

568 2205 651 2268 ha
698 2204 875 2268 detto
922 2225 1048 2266 non
1094 2225 1305 2266 essere
1353 2224 1585 2266 ancora
1631 2203 1922 2265 advisata
1971 2199 2051 2264 (16
2098 2203 2198 2264 cio
2244 2200 2305 2263 la
2345 2199 2622 2265 Cesarea
2665 2198 2936 2276 Maesta,
2981 2221 3083 2263 ma
3111 2198 3228 2263 6116

568 2334 607 2375 6
650 2321 865 2396 tempo
911 2310 957 2373 li
1002 2309 1143 2373 fara
1187 2308 1425 2372 havere
1472 2330 1509 2371 a
1557 2308 1685 2372 Sua
1715 2305 2147 2372 Beatitudine.
2241 2305 2621 2370 nondimeno
2667 2308 2755 2370 mi
2801 2305 2973 2370 disse
3010 2314 3230 2390 questa

569 2440 676 2482 era
720 2417 779 2480 la
827 2415 1348 2480 substantia·che
1394 2417 1544 2479 tutti
1591 2416 1802 2500 questi
1849 2416 2120 2499 principi
2169 2435 2287 2477 con
2334 2412 2395 2476 la
2427 2411 2702 2477 Cesarea
2747 2412 3002 2476 Maesta
3047 2422 3108 2476 et
3143 2412 3228 2476 161

569 2546 758 2588 erano
805 2523 1083 2606 colligati
1129 2544 1167 2586 a
1212 2522 1340 2605 liga
1384 2519 1719 2585 defensiva
1779 2523 1844 2584 iu
1893 2530 2123 2585 evento
2169 2520 2288 2585 che
2335 2518 2684 2583 Lutherani
2732 2518 3052 2584 volessero
3097 2518 3311 2582 161620

569 2639 741 2695 moto
786 2629 1014 2695 alcuno
1062 2637 1127 2694 et
1173 2650 1364 2694 erano
1426 2628 1765 2714 depositati
1818 2636 1945 2695 300
1964 2637 2093 2695 000
2139 2626 2379 2692 Renen.
2441 2634 2506 2691 et
2551 2624 2696 2690 fiatti
2752 2624 2858 2691 doi
2918 2628 3224 2713 capitanei

570 2738 850 2821 generali
899 2739 964 2800 in
1011 2734 1353 2800 Germania
1414 2745 1636 2800 contra
1693 2737 1850 2799 essi:
1909 2734 2080 2800 l’uno
2145 2756 2249 2799 era
2312 2734 2357 2797 il
2404 2733 2570 2797 duca
2613 2732 2950 2798 Ludovico
2996 2733 3061 2797 di
3105 2734 3228 2798 Ba·

573 2868 725 2909 vera
770 2847 835 2908 in
882 2852 1104 2929 queste
1150 2844 1311 2928 parti
1360 2844 1702 2928 superiori,
1761 2840 1964 2905 l'alt-ro
2029 2863 2136 2905 era
2197 2842 2241 2905 il
2304 2839 2483 2910 duca⁴
2525 2840 2592 2904 di
2635 2840 3012 2905 Branswich
3068 2843 3130 2904 in
3173 2840 3228 2904 le

572 2954 738 3039 parti
787 2950 1068 3014 inferiori
1117 2949 1181 3013 di
1229 2948 1534 3028 Saxonia,
1592 2949 1762 3034 quali
1824 2958 2137 3012 tenevano
2197 2970 2446 3033 sempre
2504 2949 2825 3033 appostati
2881 2957 2949 3011 et
2995 2949 3230 3034 stipen-

576 3058 731 3124 diati
790 3057 967 3122 molti
1031 3058 1366 3142 capitanei.
1458 3078 1559 3119 ma
1629 3055 1747 3119 che
1819 3054 2095 3119 anchora
2163 3077 2290 3118 non
2350 3056 2417 3118 vi
2479 3075 2670 3117 erano
2729 3056 2950 3118 intrati
2997 3057 3144 3118 tutti
3189 3054 3310 3117 1125

574 3166 847 3253 principi
894 3172 959 3227 et
988 3163 1212 3248 prelati
1245 3163 1560 3241 catholici,
1606 3162 1777 3247 quali
1809 3164 2083 3225 tuttavia
2130 3163 2459 3225 intravano
2479 3163 2545 3241 ⁸),
2591 3168 2656 3223 et
2699 3182 2988 3246 pensava
3017 3170 3233 3246 questa

573 3295 724 3336 cosa
782 3293 990 3334 essere
1049 3270 1386 3333 utilissima
1444 3252 1581 3332 non·
1629 3269 1766 3333 solo
1825 3291 1862 3333 a
1922 3269 2335 3354 comprimere
2382 3269 2401 3329 i
2446 3267 2582 3331 loro
2642 3269 2964 3330 temerarii
3010 3268 3234 3345 conati,

573 3402 677 3443 ma
737 3377 1011 3442 anchora
1069 3399 1103 3439 a
1165 3375 1307 3439 farli
1372 3378 1484 3461 piu
1544 3375 1716 3439 facili
1777 3373 1858 3438 ad
1919 3376 2065 3459 ogni
2126 3373 2391 3438 honesto
2449 3381 2709 3437 trattato
2767 3371 2834 3436 di
2882 3373 3235 3447 concordia,

574 3494 985 3571 quantunque
1017 3490 1241 3568 questa
1283 3483 1425 3566 lega
1470 3484 1563 3545 sia
1611 3503 1840 3545 ancora
1886 3483 2327 3545 secretissima.
2418 3485 2495 3543 ne
2542 3479 2698 3543 altro
2739 3479 3131 3543 occorrendo
3163 3466 3234 3542 ¹in

576 3591 743 3655 bona
787 3591 993 3675 gratia
1037 3595 1141 3655 etc.
3251 3612 3313 3663 30

755 3714 842 3778 Di
890 3714 1077 3779 Lintz
1125 3714 1229 3778 alli
1284 3725 1362 3781 13
1410 3712 1475 3777 di
1520 3714 1649 3778 luio
1703 3723 1890 3781 1538.

580 3931 736 3999 102.
830 3929 1096 3995 Marone
1142 3950 1229 3993 an
1276 3927 1592 3993 Famese:
1662 3926 2080 4009 Einsemiuny
2149 3948 2341 3991 πεπω-
2402 3926 2750 4008 Zeitunyen
2819 3948 2950 3990 vom
3015 3928 3238 4009 Arc-*ny

580 4040 691 4103 der
748 4037 1015 4102 Tic'rken.
1114 4036 1295 4100 Reise
1343 4035 1559 4100 Held's
1604 4056 1747 4099 zum
1795 4034 2038 4099 Καί-66)·
2109 4036 2176 4097 in
2223 4032 2468 4098 Sachen
2536 4034 2643 4097 der
2697 4033 3043 4097 Concordie
3108 4033 3239 4096 und

579 4146 689 4209 des
736 4143 1117 4223 Reichstays.
1211 4143 1623 4223 Erinneruny
1668 4163 1756 4205 (m
1804 4142 1906 4205 die
1951 4141 2121 4205 Held
2175 4139 2583 4223 zuyesicleerte
2629 4140 2999 4204 Reservate.
3078 4143 3237 4204 1538

582 4252 639 4317 J
634 4252 726 4316 ule?
775 4255 855 4313 14
901 4250 1082 4314 Lim.

580 4397 869 4407 —-—--*——-
904 4397 973 4401 -—

723 4480 1151 4527 Usum-ott
1210 4480 1778 4529 011111110(η.(1161·6)ετζεεε
3247 4474 3305 4531 35

733 4587 767 4651 ’)
810 4587 924 4641 Der
953 4587 1307 4656 Nitrnberyer
1336 4587 1823 4641 Bundesabsclaeaeed
1863 4604 1976 4640 rom
2005 4590 2072 4640 12
2101 4585 2244 4640 Jemi
2283 4588 2425 4639 1538
2461 4586 2536 4640 ist
2558 4584 2826 4655 yedmckt
2865 4585 2952 4640 bei
2985 4585 3234 4642 Bacchoue

583 4676 694 4733 Bcl.
730 4677 827 4730 IX
862 4678 915 4729 S.
954 4680 1252 4730 366—371.
