3500 5300
1465 383 1785 453 Einleitung.
2889 383 2960 443 45

284 583 476 644 anter
521 579 642 644 den
685 579 1149 663 massyebenden
1198 579 1488 645 Stdnden
1522 578 1999 645 Deutschlands
2045 581 2254 662 liffen
2285 582 2658 646 Mistrauen
2698 582 2956 647 blicken.

286 686 373 752 So
418 687 660 751 „melite
705 686 1030 767 Kurfflrst
1076 686 1378 753 Joachim
1424 707 1544 751 von
1589 686 2071 769 Brandenbury
2114 689 2289 753 scine
2322 687 2769 771 Zustimmuny
2813 712 2958 755 zum

293 793 515 859 Conciz
560 795 769 858 daven
815 795 1153 877 abhdnyi9‚
1203 795 1335 878 dast
1379 815 1448 858 er
1494 795 1644 860 oder
1689 796 1864 859 scine
1913 793 2228 859 Vertreter
2270 795 2792 879 schlechterde'nys
2834 818 2955 860 un-

282 901 617 983 qehindert
676 905 896 966 wc'iren
966 901 1124 965 alles
1190 902 1332 965 und
1384 902 1563 984 jedes
1632 921 1767 965 was
1837 901 1942 964 die
1989 901 2168 966 Ehre
2237 902 2374 966 und
2439 903 2559 966 das
2618 903 2802 968 Wohl
2848 904 2958 968 der

228 1034 263 1084 5
280 1009 610 1089 yemeinen
648 1007 1074 1073 Christenlzeit
1121 1008 1373 1089 anyche,
1421 1008 1874 1072 ausdriicklieh
1920 1030 2039 1072 eur
2070 1006 2352 1088 Sprache
2384 1009 2645 1092 brinyen
2678 1015 2742 1089 ¹).
2823 1009 2959 1074 Der

287 1114 615 1197 Kurfiirst
660 1136 778 1180 von
826 1116 937 1179 der
986 1114 1181 1196 Pfalz
1227 1115 1378 1179 aber
1425 1115 1682 1197 befolyte
1727 1117 1903 1179 seina
1963 1115 2090 1179 alte
2139 1115 2411 1194 PraaeiS,
2473 1117 2576 1181 die
2619 1137 2689 1180 er
2735 1118 2958 1181 bereits

302 1222 603 1304 Veryerio
644 1223 991 1304 yeqeniiber
1053 1222 1489 1304 anzubrinyen
1558 1222 1847 1286 versuclet
1916 1222 2123 1286 katte:
2193 1245 2262 1286 er
2318 1222 2445 1305 liest
2511 1224 2645 1288 sich
2704 1224 2956 1305 einfach

283 1329 464 1393 nicht
505 1329 726 1409 finden
771 1329 912 1392 und
972 1330 1156 1393 Vorst
1198 1330 1410 1411 mustte
1455 1330 1572 1392 mit
1631 1329 1743 1393 der
1801 1329 1932 1393 ihm
1980 1350 2100 1393 von
2154 1331 2274 1394 den
2321 1330 2575 1394 Rathen
2619 1332 2958 1414 yeyebenen

285 1561 531 1616 Sachsen
567 1561 691 1615 und
728 1561 1177 1630 Braunsehweiy,
1230 1563 1313 1615 bei
1352 1562 1525 1615 denen
1565 1578 1622 1616 er
1659 1561 1924 1627 ebenfulls
1958 1562 2106 1615 scine
2156 1562 2431 1632 Werbuny
2469 1563 2808 1618 verbrachte.
2883 1565 2958 1618 In

192 1668 263 1720 10
282 1653 466 1705 seim
502 1652 762 1706 Antwort
809 1668 911 1705 aus
949 1651 1104 1705 Zeitz
1152 1667 1275 1705 vom
1324 1654 1390 1703 15
1430 1651 1592 1704 Mc‘irz
1640 1650 1838 1704 driae'ekt
1891 1650 2107 1719 Herzoy
2150 1652 2329 1720 Geory
2375 1669 2484 1705 von
2527 1652 2767 1707 Sachsen
2811 1654 2957 1707 scine

283 1740 510 1794 Frende
548 1739 787 1795 dart‘t'ber
821 1757 942 1808 aus,
991 1735 1110 1807 dass
1149 1740 1237 1793 die
1277 1740 1642 1795 Christenheit
1680 1739 1900 1794 endlich
1949 1739 2018 1792 ad
2069 1756 2251 1792 veram
2302 1740 2719 1810 intelligentiam
2768 1758 2956 1797 eorum

283 1846 431 1900 quae
479 1830 546 1883 de
596 1847 755 1885 sacra
802 1831 1076 1900 scriptura
1125 1830 1180 1882 in
1231 1829 1655 1883 controversiam
1696 1838 1826 1882 sunt
1873 1836 2070 1895 tracta,
2110 1838 2167 1882 et
2215 1829 2286 1881 ad
2323 1829 2591 1883 unitatem
2627 1830 2817 1885 reduci
2855 1847 2955 1885 nec

283 1935 396 1972 non
433 1918 489 1972 in
528 1918 772 1974 moribus
811 1917 1095 1973 reformari
1134 1919 1359 1973 debeat:
1399 1917 1530 1972 Cod.
1561 1918 1689 1972 Vat.
1728 1918 1873 1971 3915
1911 1918 2003 1971 fol.
2035 1918 2138 1971 224
2155 1930 2197 1970 ¹².
2272 1918 2672 1973 Ebendaselbst
2699 1919 2956 1973 f01.2252

284 2008 653 2079 Recoy‘nition
689 2008 904 2077 Herzog]
933 2009 1253 2062 Heinrieh’s
1281 2009 1336 2061 d.
1360 2008 1413 2062 J.
1452 2025 1560 2061 von
1600 2007 2465 2076 Braunsehweiy-lVolfenbia'ttel,
2504 2008 2658 2061 Zeits
2687 2012 2757 2062 18
2776 2010 2954 2063 Mare.

193 2097 397 2164 15Dt'e
436 2098 695 2153 Antwort
728 2098 1023 2153 Joachim’s
1070 2115 1177 2152 von
1224 2098 1641 2165 Brnndenbury
1691 2127 1743 2135 -
1806 2096 2069 2162 ebenfalls
2114 2099 2179 2150 in.
2215 2097 2368 2151 Zeita
2417 2097 2636 2151 ertheilt
2688 2126 2744 2135 -
2801 2115 2841 2152 8.
2893 2100 2956 2152 in

279 2188 542 2242 nach-ster
579 2189 738 2241 Anm.
814 2187 941 2241 Dcn
976 2189 1230 2242 weiteren
1277 2187 1406 2255 Wey
1444 2187 1540 2242 des
1576 2187 1836 2240 Nuntius
1886 2187 2202 2240 bezeichnen
2249 2186 2343 2239 die
2378 2184 2817 2255 Reeoynitionen
2863 2187 2957 2241 des

281 2277 451 2331 Erzb.
501 2294 549 2329 υ.
590 2278 821 2331 Bremen
867 2276 1111 2340 (Verden
1159 2293 1275 2331 non
1310 2280 1492 2346 apr.),·
1543 2277 1635 2331 des
1674 2276 1859 2330 Be'sch.
1900 2275 2092 2329 munz
2138 2293 2185 2328 v.
2224 2276 2501 2341 Manster,
2544 2274 2861 2331 Osnabrilck
2897 2294 2953 2332 u.

281 2366 527 2420 Minden
603 2364 669 2429 (I
671 2367 810 2433 burg]
880 2369 942 2417 11
998 2367 1189 2434 Apr.),·
1263 2366 1356 2420 des
1423 2366 1666 2434 Herzoys
1728 2366 1958 2419 «lohaom
2025 2383 2068 2419 r.
2126 2365 2313 2418 Jelich
2337 2394 2359 2404 -
2386 2363 2538 2419 Olet-e
2602 2364 2969 2431 (Dt'lsscldwf

282 2460 352 2509 18
389 2458 586 2524 Apr.);
621 2455 715 2509 des
752 2455 916 2508 Erzb.
957 2455 1252 2509 Hermann
1287 2472 1336 2509 υ.
1358 2455 1513 2509 Κόῑη
1549 2455 1741 2520 (Bonn
1779 2458 1858 2508 22
1880 2456 2071 2524 Apr.),·
2110 2454 2203 2508 cles
2240 2453 2407 2507 Erzb.
2446 2453 2672 2508 Johann
2706 2472 2754 2507 v.
2800 2455 2957 2509 Trier

190 2544 539 2609 2()(Coblenz
571 2547 643 2597 25
679 2545 871 2612 Apr.);
907 2544 1004 2598 der
1040 2544 1224 2599 Rama
1262 2544 1357 2599 des
1394 2544 1741 2609 Kurfilrsten
1779 2561 1830 2597 v.
1870 2545 1922 2597 d.
1953 2543 2115 2609 Pfulz
2161 2543 2518 2612 (Heidelbery
2555 2546 2605 2597 3.
2647 2544 2793 2611 Mai)
2806 2564 2824 2610 ;
2863 2545 2955 2599 des

283 2634 530 2705 Her-³098
570 2634 827 2690 Albo-eam
863 2653 909 2688 v.
948 2634 1339 2703 Mccklenbury
1375 2633 1780 2703 (Poppelsdorf
1820 2637 1881 2686 11
1919 2634 2105 2701 Mai),·
2152 2632 2244 2688 des
2281 2632 2527 2702 Herzoys
2561 2631 2715 2687 Karl
2749 2651 2796 2687 υ.
2830 2635 2954 2689 Gel-

283 2725 423 2778 dern
459 2724 751 2791 (Arnheim
787 2727 854 2777 18
891 2724 1079 2791 Mai),·
1115 2724 1209 2778 des
1248 2725 1433 2778 Bisch.
1480 2723 1659 2793 Geor-9
1696 2741 1743 2777 v.
1793 2725 2015 2778 Utrecht
2048 2724 2305 2788 (Brae'issel
2342 2726 2377 2776 6
2413 2722 2579 2790 Juni)
2620 2753 2682 2760 —
2723 2724 2829 2777 alle
2877 2726 2954 2778 im

281 2813 417 2869 Cod.
456 2814 583 2868 Vat.
623 2815 764 2867 3915
804 2813 895 2867 fol.
937 2815 1173 2885 226sqq.

438 2901 477 2968 ¹)
518 2903 637 2957 Der
672 2903 1014 2972 Haupttheil
1048 2903 1148 2958 der
1165 2905 1421 2956 Antwort
1438 2903 1739 2957 Joachim’s
1780 2933 1843 2941 -
1883 2902 2014 2958 cod.
2036 2902 2164 2956 Vat.
2195 2904 2336 2956 3915
2373 2902 2464 2956 fol.
2497 2903 2602 2955 224
2617 2901 2856 2956 b—‘2252
2887 2933 2952 2943 —-

189 3005 261 3058 25
282 2995 490 3047 mutet:
528 2993 645 3047 Der
672 2991 951 3058 Kurfic'rst
988 2993 1222 3061 bezeuyt,
1262 2989 1382 3061 dass
1424 2991 1583 3046 Vorst
1621 2994 1733 3046 ihm
1772 3009 1862 3046 am
1899 2996 1965 3046 14
1989 2994 2154 3045 Mei-rs
2192 2994 2255 3044 in
2284 2991 2437 3045 Zeitz
2473 2991 2577 3045 das
2605 2992 2954 3046 Mantuanor-

285 3082 477 3137 Goncil
532 3082 837 3136 insinuiert
893 3081 1043 3136 habe.
1118 3098 1182 3136 ex
1239 3082 1397 3151 eujus
1465 3082 1652 3136 nuncii
1710 3081 2003 3148 relatione,
2073 3081 2332 3152 quoniam
2387 3079 2598 3135 Sanmun
2656 3080 2953 3137 Dominum

284 3171 550 3225 Nostrum
588 3172 646 3225 in
682 3173 787 3226 hoc
825 3179 1018 3226 sancto
1072 3171 1357 3241 proposito
1393 3179 1623 3242 paterne
1671 3172 1967 3242 persistere
2006 3170 2463 3239 intellexerimus,
2512 3186 2612 3224 nos
2655 3170 2952 3241 plurimum

281 3277 405 3315 esse
459 3261 805 3315 exhilaratos.
875 3277 1040 3331 quam
1099 3262 1287 3331 itaque
1342 3260 1515 3315 futuri
1574 3261 1794 3316 concilii
1850 3261 2204 3315 indictionem
2255 3277 2322 3314 ac
2378 3259 2801 3314 insinuationem
2853 3279 2954 3332 pro

282 3358 475 3405 nostra
508 3351 565 3405 in
602 3357 1010 3406 sacrosanctam
1048 3351 1232 3405 sedem
1272 3351 1635 3421 apostolicam
1674 3350 2026 3405 observantia
2061 3357 2118 3404 et
2157 3348 2423 3420 singulari
2460 3349 2517 3402 in
2553 3349 2952 3420 rempublicam

190 3440 641 3501 3oehristianam
687 3439 796 3494 fide
848 3448 905 3494 et
942 3439 1146 3495 affectu
1186 3441 1330 3494 ultro
1368 3442 1685 3511 excepimus
1724 3448 1779 3494 et
1817 3447 2173 3511 acceptamus
2213 3438 2504 3509 ipsumque
2540 3438 2788 3493 futurum
2827 3457 2950 3495 con·

282 3530 473 3585 cilium
510 3528 631 3584 Deo
680 3529 921 3599 propitio
967 3536 1156 3584 nostra
1202 3529 1477 3600 personali
1513 3530 1822 3600 presentia,
1873 3530 1954 3584 sin
1993 3546 2121 3583 vero
2159 3529 2561 3599 urgentissimis
2599 3536 2656 3583 et
2693 3529 2953 3600 legitimis

281 3619 467 3673 causis
504 3619 777 3689 propediti
814 3618 1095 3687 fuerimus,
1133 3609 1259 3673 tum'
1289 3636 1389 3689 per
1426 3627 1641 3673 nostros
1680 3621 1934 3674 solennes
1971 3626 2215 3673 oratores
2254 3619 2486 3672 invisere
2523 3619 2834 3686 statuimus,
2873 3619 2954 3673 ita

280 3717 468 3763 tamen
504 3708 650 3778 quod
688 3707 847 3762 nobis
883 3709 970 3762 vel
1007 3708 1320 3763 oratoribus
1358 3710 1559 3763 nostris
1599 3709 1805 3764 nullius
1843 3710 1928 3763 vel
1967 3707 2184 3780 legibus
2221 3709 2308 3762 vel
2347 3707 2752 3764 conditionibus
2797 3725 2952 3778 prae-

280 3798 462 3852 ventis
510 3798 596 3852 vel
646 3796 929 3853 obstrictis
985 3798 1053 3852 de
1103 3798 1528 3854 necessitatibus
1582 3807 1639 3854 et
1688 3800 1913 3869 punctis
1949 3799 2020 3853 ad
2059 3816 2400 3854 communem
2437 3798 2774 3869 reipublicae
2811 3799 2952 3855 chri-

190 3895 261 3947 35
284 3888 501 3942 stianae
541 3904 655 3940 rem
693 3894 749 3941 et
787 3887 1113 3958 dignitatem
1152 3895 1325 3958 atque
1363 3888 1500 3942 adeo
1538 3889 1916 3943 universorum
1955 3889 2186 3943 salutem
2227 3887 2610 3959 spectantibus
2646 3896 2837 3958 aperte
2874 3889 2951 3942 di-

281 3983 429 4032 serte
465 3984 524 4031 et
561 3976 732 4031 libere
774 3994 1076 4048 proponere
1114 3977 1265 4048 loqui
1302 3986 1358 4031 et
1394 3977 1661 4032 disserere
1698 3977 1786 4032 fas
1823 3979 1929 4032 siet
1966 3987 2022 4032 et
2059 3979 2238 4033 liceat.

428 4066 750 4134 Praeterea,
808 4085 933 4122 cum
984 4066 1145 4122 nobis
1193 4067 1410 4121 interim
1460 4067 1791 4122 innotuisset
1836 4069 2052 4139 aliquot
2088 4067 2417 4122 Germaniae
2461 4069 2740 4139 principes
2777 4076 2834 4123 et
2869 4086 2950 4123 or-

280 4154 439 4210 dines
476 4170 577 4223 per
614 4155 949 4225 singularem
979 4157 1343 4211 secessionem
1382 4156 1562 4225 ipsum
1602 4156 1851 4211 futurum
1880 4157 2157 4212 declinare
2195 4158 2507 4226 concilium,
2545 4157 2776 4228 ideoque
2805 4158 2953 4212 haud

280 4243 385 4299 abs
438 4260 496 4297 re
547 4242 667 4298 fieri
717 4246 1081 4315 cogitavimus
1132 4252 1196 4300 ut
1248 4253 1302 4300 et
1348 4246 1428 4300 illi
1478 4264 1691 4301 summo
1740 4254 1798 4300 et
1845 4247 2028 4300 studio
2065 4253 2121 4300 et
2158 4263 2322 4317 opere
2358 4247 2427 4300 ad
2465 4246 2570 4300 hoc
2606 4246 2950 4316 propositum

190 4335 628 4404 40similemque
679 4351 1004 4388 consensum
1056 4335 1271 4389 nomine
1322 4336 1494 4390 totius
1544 4335 1884 4406 reipublicae
1931 4336 2267 4390 christianae
2315 4336 2734 4389 cohortarentur
2781 4343 2950 4405 atque

280 4423 737 4492 conciliarentur,
788 4431 852 4478 ut
902 4424 988 4477 vel
1041 4426 1145 4479 hac
1193 4425 1312 4494 lege
1349 4425 1525 4480 multa
1560 4425 1618 4478 in
1654 4431 1938 4495 posterum
1975 4432 2031 4479 et
2068 4424 2210 4479 forte
2247 4424 2571 4479 absurdiora
2607 4424 2834 4477 dissidia
2870 4441 2950 4478 re-

280 4529 516 4584 rumque
553 4513 898 4568 ineommoda
933 4515 1251 4584 praecaveri
1290 4515 1546 4585 poterint.
1588 4532 1700 4585 qua
1737 4515 1794 4568 in
1833 4532 1891 4568 re
1929 4523 1986 4569 et
2023 4533 2123 4569 nos
2161 4515 2404 4569 studium
2443 4520 2690 4568 nostrum
2728 4530 2950 4583 operam

280 4610 339 4658 et
388 4602 637 4657 sedulam
687 4603 1047 4674 diligentiam,
1096 4605 1442 4674 potissimum
1496 4612 1553 4658 et
1598 4605 1744 4674 apud
1787 4621 1878 4659 eos
1915 4605 2012 4675 qui
2050 4612 2237 4658 nostro
2283 4604 2491 4660 circulo
2527 4611 2583 4657 et
2620 4603 2858 4658 devincti
2896 4610 2952 4658 et

280 4692 565 4764 conjuncti
614 4701 771 4762 sunt,
822 4692 1041 4748 minime
1078 4693 1365 4764 defutura,
1414 4695 1626 4749 utinam
1664 4695 1799 4766 quid
1837 4711 2157 4765 promovere
2194 4695 2515 4764 valeremus,
2562 4694 2856 4764 recipimus
2894 4703 2952 4749 et

192 4783 622 4855 45pollicemur.
