3500 5300
513 355 621 415 406
1634 352 1731 408 NO.
1765 353 1864 407 1⁴⁸:
1904 351 2059 408 1536.

322 566 461 614 1536
516 577 570 617 ο.
609 552 687 616 de
719 551 821 615 his
857 557 892 632 ξ
933 554 987 614 si
1022 574 1174 614 vero
1206 549 1285 613 de
1322 549 1548 635 sepult.
1579 552 1643 628 ¹),
1676 559 1741 612 et
1771 559 1898 611 not.
1933 548 2217 611 Joawne's
2253 546 2504 609 Andreae
2543 547 2606 608 in
2651 567 2703 608 e.
2747 547 2812 608 in
2853 552 3076 608 nostra
3107 567 3196 607 eo

514 659 699 722 titulo
730 662 775 738 ²)
810 699 911 736 ——,
956 658 1074 720 nisi
1110 658 1448 742 episeopus
1481 680 1558 720 eo
1610 655 1752 718 loeo
1786 654 2081 718 celebret.
2129 663 2279 716 tune
2312 654 2480 715 enim
2511 651 2864 715 oblationes
2895 652 3092 714 misse
3125 652 3191 712 ei

515 765 765 842 cedunt,
810 766 961 849 quia
1005 773 1141 826 tota
1187 762 1458 826 diocesis
1506 784 1621 826 sua
1668 771 1769 825 est
1815 759 2144 845 parochia:
2194 781 2246 822 e.
2300 768 2355 822 1.
2402 757 2482 822 de
2528 767 2712 844 rapto
2741 759 2823 838 8);
2884 779 2938 822 0.
2985 779 3193 842 super

514 895 588 935 eo
635 870 714 935 de
762 893 934 956 paro,
964 872 1043 950 ⁴);
1099 878 1195 935 16.
1242 893 1301 953 q.
1355 881 1385 934 1
1438 892 1491 931 e.
1537 868 1689 931 lieet
1733 890 1771 931 a
1817 867 2045 930 litteris
2073 866 2159 944 ⁶);
2206 888 2258 929 o.
2308 873 2344 930 2
2394 863 2475 928 de
2521 861 2627 927 off.
2659 862 2942 940 arehi.⁸).
3034 862 3192 927 ideo

513 980 621 1063 qui
668 978 846 1041 audit
890 979 1147 1042 missam
1181 978 1245 1038 in
1292 973 1637 1038 cathedrali
1685 974 1971 1050 ecelesia,
2017 969 2334 1036 satisfacit
2381 970 2779 1052 obligationi:
2829 969 3002 1033 dieta
3052 992 3107 1032 ο.
3142 980 3186 1034 2
3248 992 3283 1044 5

515 1084 595 1148 do
645 1085 748 1147 off.
797 1082 1063 1162 11101117).

513 1285 610 1342 53.
681 1281 832 1355 Quo
904 1287 1092 1363 paeto
1150 1277 1437 1341 illic-itam
1512 1301 1551 1340 a
1610 1277 1953 1362 prepositis
2027 1275 2550 1338 monasteriorum
2606 1273 2751 1336 Deo
2823 1270 3187 1336 dicatarum

1359 1386 1674 1468 virginum
1720 1391 1944 1468 petant
1990 1383 2341 1467 pecuniam.

692 1490 952 1554 Abusus
1002 1498 1100 1552 est
1146 1497 1209 1552 et
1258 1491 1510 1575 penitus
1559 1487 1974 1553 cohibendus,

513 1654 611 1714 54.
684 1651 865 1714 Idem
912 1649 990 1713 de
1039 1649 1404 1713 muneribus
1452 1670 1574 1733 que
1621 1671 1737 1733 pro
1772 1647 2019 1712 abbatis
2067 1656 2129 1711 et
2179 1646 2498 1711 abbatisse
2529 1643 2974 1708 benedictione
3009 1666 3185 1706 erro-
3211 1665 3279 1716 10

1722 1767 1966 1838 gantur.

691 1861 886 1939 Quod
934 1885 1086 1925 vero
1134 1861 1444 1925 subicitur
1489 1860 1569 1925 de
1618 1860 1839 1924 offitiis
1887 1860 2174 1924 Romane
2231 1863 2402 1923 curie
2429 1901 2433 1905 -
2464 1868 2530 1924 et
2584 1859 2766 1942 gravi
2823 1856 3187 1943 expeditio—

512 1993 663 2033 num
715 1971 1025 2053 impensa,
1085 1992 1231 2032 eum
1291 1977 1437 2053 post
1482 1967 1582 2030 Pii
1630 1966 1701 2029 Π
1730 1968 1779 2047 ⁸)
1826 1967 2260 2052 pontificatum
2308 1965 2470 2030 adeo
2525 1967 2844 2029 creverint
2901 1973 3050 2028 taxe
3113 1975 3186 2027 ut

512 2075 610 2138 his
659 2075 928 2160 querelis
977 2075 1153 2138 loeus
1201 2074 1389 2138 datus
1437 2076 1538 2152 sit,
1584 2081 1806 2159 posset
1850 2072 2081 2136 Sanum
2125 2072 2439 2136 Dominus
2486 2071 2726 2134 Noster
2768 2072 2992 2156 peritis
3039 2092 3186 2134 eam

513 2184 905 2266 provinc-iam
954 2179 1358 2260 demandare,
1403 2191 1474 2243 ut
1520 2182 1812 2265 equiores
1858 2188 2008 2243 taxe
2069 2189 2134 2242 et
2191 2180 2467 2264 antiquis
2526 2177 2885 2242 conformes
2940 2179 3186 2240 eonsti-
3208 2195 3279 2247 15

513 2297 868 2364 tuerentur,
916 2287 1058 2372 plus
1108 2286 1507 2371 exigentibus
1567 2295 1806 2350 statut-a
1863 2309 2026 2370 pena
2088 2287 2448 2349 amissionis
2508 2283 2851 2347 offitiorum
2911 2295 2977 2346 et
3033 2305 3184 2368 per-

514 2397 691 2480 petui
741 2418 777 2457 a
828 2395 1111 2458 Romana
1156 2397 1332 2457 curia
1380 2393 1570 2456 exiiii.

518 2592 611 2653 55.
680 2589 782 2653 De
845 2589 1516 2675 archipresbiterorum
1574 2587 1944 2653 offitialibus
2005 2595 2068 2650 et
2123 2587 2264 2651 aliis
2322 2585 2646 2672 judicibus
2707 2584 3182 2649 ecclesiastic-is.

696 2713 881 2778 ,Iusta
941 2724 1035 2777 est
1094 2714 1347 2799 querela
1406 2713 1486 2775 de
1536 2713 1634 2776 his
1683 2715 1790 2798 qui
1840 2714 2001 2777 tales
2048 2715 2442 2776 constituunt
2487 2710 2787 2774 offitiales
2844 2717 2954 2773 aut
2998 2707 3184 2771 tolle-

520 2831 677 2900 rant‚
723 2821 1146 2905 monendique
1195 2842 1269 2883 ao
1317 2818 1734 2904 compellendi
1799 2818 2261 2903 archiepiscopi
2321 2819 2603 2902 episcopi
2663 2826 2727 2879 et
2790 2815 2896 2879 alii
2955 2814 3182 2900 prelati
3203 2832 3274 2883 20

519 2939 588 2990 ut
638 2927 1017 3012 provideant
1066 2927 1162 2989 his
1211 2928 1436 2989 amotis
1487 2934 1551 2987 et
1596 2924 1842 2988 idoneis
1892 2926 2255 3009 surrogatis.

522 3126 620 3186 56.
690 3122 887 3199 Quod
934 3124 1147 3206 inique
1195 3121 1359 3207 layci
1421 3120 1505 3185 ad
1550 3123 1822 3184 vetitum
1880 3119 2212 3183 trahantur
2271 3119 2852 3184 ecclesiastieorum
2890 3116 3184 3181 tribunal.

700 3246 954 3322 Quibus
1003 3246 1254 3310 casibus
1304 3256 1365 3311 et
1414 3268 1539 3330 qua
1586 3247 1921 3310 occasione
1969 3244 2132 3329 layci
2193 3242 2277 3307 ad
2332 3242 2631 3327 juditium
2678 3241 3186 3306 ecclesiasticum

522 3353 879 3432 trahantur,
943 3354 1071 3438 jam
1131 3354 1284 3415 satis
1344 3355 1507 3417 sacri
1566 3372 1842 3415 canones
1906 3360 1968 3414 et
2016 3349 2374 3436 imperiales
2419 3349 2591 3432 leges
2639 3350 3063 3425 constituere3
3131 3348 3184 3410 si

524 3462 633 3544 qui
680 3481 1015 3525 concessos
1063 3460 1293 3522 limites
1340 3457 1913 3542 transgrediantur,
1964 3460 2132 3542 justa
2180 3466 2276 3521 est
2330 3455 2584 3540 querela
2632 3464 2696 3517 et
2740 3456 2970 3519 merito
3016 3469 3271 3523 com-25

524 3565 848 3651 pescendi.

704 3730 803 3792 57.
898 3725 1049 3803 Quo
1094 3734 1285 3813 pacto
1331 3726 1813 3810 magistratuum
1859 3724 2140 3788 civilium
2186 3722 2423 3787 subditi
2470 3732 2733 3808 propter
2764 3720 3049 3787 debitam
3078 3745 3188 3807 pe-

527 3834 779 3897 cuniam
825 3831 909 3896 ad
951 3830 1193 3918 judicia
1238 3831 1669 3897 ecclesiastica
1713 3829 2174 3915 pertrahantur.

673 4099 713 4169 ¹)
749 4101 873 4155 Lib.
911 4100 1017 4154 IH
1052 4099 1138 4154 tit.
1175 4102 1255 4154 28
1290 4116 1334 4154 c.
1373 4103 1423 4153 4.

673 4188 714 4253 ²)
752 4190 875 4244 Lib.
914 4189 1025 4243 111
1056 4189 1143 4243 tit.
1181 4191 1260 4243 28
1296 4205 1340 4242 c.
1379 4192 1463 4241 10.
3212 4188 3278 4242 30

676 4277 715 4347 ¹)
752 4278 876 4332 Lib.
927 4277 1085 4332 Vtit.
1123 4281 1192 4330 17
1227 4293 1272 4331 c.
1313 4281 1360 4330 1.
1437 4274 1545 4343 (De
1582 4276 1690 4330 illis
1726 4275 1949 4344 autem).

673 4367 715 4435 ⁴)
754 4367 880 4421 Lib.
918 4366 1032 4421 111
1062 4367 1143 4421 tit.
1181 4369 1255 4420 29
1293 4382 1336 4420 c.
1376 4369 1426 4418 4.

675 4454 716 4523 ⁵)
754 4455 1032 4510 Εωίεἰίωτ
1064 4456 1236 4509 nicht.

675 4544 717 4613 Β)
754 4545 879 4600 Lib.
918 4544 960 4598 I
991 4546 1074 4600 tit.
1113 4548 1188 4599 24
1224 4560 1270 4600 c.
1307 4549 1364 4599 2.

678 4632 715 4702 τ)
752 4634 878 4688 Lib.
918 4634 959 4687 I
990 4636 1073 4688 tit.
1110 4637 1185 4688 24
1219 4648 1263 4689 c.
1304 4637 1354 4686 1.
3222 4634 3281 4689 35

676 4721 717 4792 ⁸)
767 4723 883 4793 Vyl.
921 4724 1057 4777 oben
1092 4722 1148 4778 S.
1186 4724 1311 4777 360.
