3500 5300
1184 361 1282 424 No.
1322 363 1424 424 9*:
1468 365 1601 425 1537
1642 389 1691 424 n.
1732 365 1881 442 April
1920 367 2003 427 16.
2819 364 2921 434 437

264 583 429 625 mam
477 559 798 627 Sanctitas
846 561 979 628 Sua
1023 573 1122 629 tot
1166 565 1306 629 aliis
1354 569 1650 653 expensis
1699 575 1763 632 et
1808 568 2104 634 oneribus
2153 593 2266 655 pro
2310 569 2482 634 sedis
2538 572 2922 657 apostolicae
3015 605 3154 654 1537

264 677 332 732 et
374 667 519 733 fidei
569 669 920 735 catholicae
966 670 1343 738 defensione
1401 683 1667 759 gravata
1723 698 1930 761 neque
1993 676 2238 740 solvere
2297 685 2516 763 posset
2574 700 2811 762 neque,
2870 681 2924 741 si
2942 690 2997 726 '²-
3019 674 3154 742 ΑΝ·
3177 676 3242 724 16

263 777 535 840 maxime
580 786 815 864 posset,
863 777 1144 857 deberet,
1188 801 1270 844 ne
1315 803 1544 866 magno
1591 805 1735 847 cum
1783 782 2083 848 scandalo
2130 781 2602 848 Catholicorum
2667 794 2730 848 et
2776 784 2926 849 data

263 879 648 947 Lutheranis
696 884 1037 950 cavillandi
1086 907 1238 951 ansa
1286 885 1609 954 Sanctitas
1646 887 1778 953 Sua
1824 889 2160 954 concilium
2208 889 2330 953 hoc
2377 890 2696 956 conducto
2744 914 2925 957 exer-

208 990 394 1060 5eitu
456 1001 521 1054 et
565 999 805 1056 armata
862 1014 1054 1056 manu
1114 999 1297 1078 (quae
1358 1017 1460 1058 res
1522 996 1992 1061 ecclesiasticos
2052 999 2311 1061 minime
2379 1000 2701 1076 convenit)
2759 999 2924 1064 cele-

263 1096 445 1161 brare
490 1095 655 1161 velle
726 1096 1048 1162 videatur:
1118 1099 1360 1165 idcirco
1407 1100 1486 1166 de
1547 1104 1808 1167 civitate
1855 1106 1998 1190 ipsa
2054 1103 2360 1168 Mantuae
2429 1104 2585 1168 nihil
2655 1106 2923 1190 amplius

263 1201 606 1269 dicendum
651 1213 761 1270 aut·
805 1205 1213 1290 cogitandum
1259 1206 1516 1272 videtur
1569 1232 1776 1295 neque
1836 1209 1966 1275 ullo
2024 1220 2213 1297 pacto
2273 1220 2380 1275 aut
2429 1209 2748 1276 Sanctitas
2796 1211 2926 1276 Sua

263 1309 413 1375 illuc
471 1312 778 1377 accedere
838 1323 950 1378 aut
1008 1314 1197 1378 etiam
1258 1314 1500 1399 legatos
1571 1318 1822 1382 mittere
1890 1317 2112 1386 debet.
2182 1329 2252 1381 ut
2323 1321 2608 1383 omittam
2682 1319 2923 1404 aliquas

264 1417 616 1502 peculiares
662 1421 937 1485 rationes
1001 1419 1082 1485 ad
1143 1425 1694 1488 conservationem
1753 1422 2010 1489 honoris
2060 1425 2431 1489 Sanctitatis
2493 1424 2660 1490 Suae
2721 1436 2783 1488 et
2842 1424 2923 1489 ad

174 1524 610 1613 lojuvandum
654 1528 1284 1613 promovendumque
1330 1530 1583 1594 concilii
1644 1534 1977 1615 negocium
2023 1531 2355 1611 facientes
2415 1555 2572 1618 quas
2634 1532 2924 1596 conside-

261 1637 492 1704 randas
548 1640 762 1725 potius
822 1638 1174 1722 sapientiae
1236 1633 1607 1701 Sanctitatis
1655 1635 1823 1702 Suae
1885 1647 1951 1703 et·
1995 1637 2216 1702 R¹¹¹⁰f¹¹¹¹¹
2278 1638 2672 1703 dominorum
2733 1661 2923 1724 quam

262 1747 518 1832 scriptis
564 1749 723 1810 meis
770 1741 1308 1809 commendandas
1357 1765 1498 1807 esse
1546 1747 1784 1808 censui.

440 1853 687 1918 Rursus
734 1855 884 1938 quia
928 1872 1227 1934 magnum
1288 1860 1353 1914 et
1411 1850 1676 1916 evidens
1738 1852 2093 1936 periculum
2149 1861 2246 1916 est
2301 1877 2415 1930 ne,
2475 1856 2527 1917 si
2586 1853 2923 1917 concilium

262 1960 384 2026 hoc
430 1970 620 2049 pacto
667 1984 735 2024 re
783 1959 1025 2024 infecta
1070 1959 1442 2022 terminetur
1487 1965 1598 2021 aut
1642 1958 1884 2043 absque
1932 1962 2141 2024 causis
2191 1962 2358 2024 omni
2422 1960 2733 2024 calumnia
2791 1961 2924 2025 for-

173 2080 243 2133 15
263 2069 531 2134 tioribus
580 2067 939 2145 differatur,
998 2066 1382 2130 Lutheranis
1444 2064 1832 2131 subsanandi
1891 2075 1957 2129 et
2003 2065 2353 2131 Catholicis
2413 2067 2794 2153 desperandi
2858 2079 2922 2132 ct

263 2198 332 2239 se
380 2175 461 2240 ab
506 2175 692 2261 hujus
740 2183 995 2239 sanetae
1040 2172 1213 2238 sedis
1259 2174 1498 2256 gremio
1546 2180 1612 2235 et
1667 2171 2030 2237 obedientia
2077 2172 2389 2238 alienandi
2441 2177 2694 2238 occasio
2740 2197 2924 2260 prae-

259 2282 516 2347 beatur:
586 2281 733 2347 ideo
800 2280 1059 2345 videtur
1128 2287 1386 2366 (quanto
1433 2282 1622 2344 eit-ius
1680 2281 1815 2344 fieri
1877 2283 2111 2365 potest)
2177 2280 2582 2345 scribendum
2640 2305 2779 2345 esse
2840 2280 2922 2346 ad

260 2387 642 2456 Caesaream
685 2389 1093 2474 Maiestatem
1139 2385 1370 2451 sermm
1415 2386 1848 2451 Romanorum
1906 2398 1971 2451 et
2029 2386 2365 2453 Christm'ffl'
2431 2388 2810 2452 Francorum
2859 2396 2922 2452 ct

263 2497 426 2562 alios
472 2519 653 2583 reges
701 2504 765 2561 et
813 2494 1233 2581 assignandae
1278 2503 1409 2559 tam
1455 2494 1819 2579 praedictae
1865 2516 2093 2558 causae
2141 2517 2328 2579 quam
2377 2495 2558 2572 aliae,
2603 2517 2922 2582 quaecun-

165 2614 242 2670 20
260 2626 386 2691 que
429 2605 595 2690 juste
640 2604 911 2670 inveniri
958 2609 1274 2689 poterunt,
1332 2609 1596 2689 propter
1653 2623 1810 2687 quas
1857 2601 2177 2666 Sanctitas
2226 2600 2355 2666 Sua
2402 2602 2764 2668 celebrandi
2812 2625 2921 2687 gc-

259 2711 490 2777 neralis
537 2711 791 2777 concilii
838 2719 1018 2775 tanto
1063 2717 1346 2795 tempore
1393 2708 1812 2795 cupidissima
1857 2718 1919 2771 et
1979 2710 2182 2794 ipsius
2237 2709 2662 2795 prosequendi
2728 2732 2922 2775 eausa

258 2821 511 2906 jamjam
558 2818 642 2884 ad
688 2820 809 2882 iter
838 2819 1127 2883 accincta
1157 2839 1194 2881 a
1239 2825 1369 2880 tam
1419 2826 1639 2880 saneto
1686 2838 1879 2901 opere
1925 2818 2011 2880 sit
2039 2815 2375 2893 retardata,
2421 2815 2718 2902 quodque
2763 2818 2920 2880 civi-

258 2934 456 2991 tatem
522 2925 851 2989 Bononiae
922 2924 1019 2988 vel
1086 2923 1468 3002 Placentiae,
1537 2932 1870 3008 utramque
1939 2922 2212 2987 fertilem
2273 2923 2547 3008 amplam
2623 2923 2917 2987 omnibus

260 3032 660 3097 commodam
707 3041 771 3096 ct
815 3040 1038 3110 tutam,
1085 3030 1166 3095 ad
1212 3030 1335 3094 hoc
1369 3030 1599 3115 eligere
1648 3042 1711 3095 et
1759 3032 1826 3094 in
1871 3052 1944 3095 ea
1991 3029 2326 3093 concilium
2374 3032 2630 3094 omnino
2677 3038 2743 3093 et
2773 3054 2917 3094 cum

165 3151 239 3204 25
261 3139 492 3205 effectu
540 3139 857 3204 celebrare
904 3138 1278 3216 decreverit,
1324 3139 1390 3201 in
1436 3135 1718 3201 calendis
1767 3137 2045 3203 octobris
2091 3137 2194 3201 vel
2238 3138 2596 3201 novembris
2629 3139 2915 3223 proxime
2940 3166 3055 3220 Olet.
3094 3172 3124 3220 1

260 3247 492 3311 futuris
538 3245 982 3324 incohandum,
1028 3243 1109 3309 ad
1157 3242 1326 3329 quod
1374 3242 1694 3309 Sanctitas
1740 3242 1869 3308 Sua
1917 3266 2133 3308 omnes
2180 3252 2242 3308 et
2289 3243 2571 3328 singulos
2620 3266 2696 3307 ex
2746 3266 2912 3309 nunc
2933 3238 3068 3292 N0²··
3111 3244 3137 3290 1

260 3356 489 3419 invitet
535 3363 600 3418 et
644 3374 760 3439 per
804 3354 1067 3415 nuncios
1117 3351 1219 3416 vel
1264 3373 1555 3415 cursores
1601 3349 1685 3415 ad
1730 3350 1852 3415 hoc
1908 3349 2243 3431 diligenter
2286 3349 2630 3414 mittendos
2677 3351 2914 3416 bullam

260 3462 724 3546 prorogationis
771 3468 837 3523 et
880 3459 1247 3523 mutationis
1292 3457 1414 3522 loci
1464 3457 1826 3542 hujusmodi
1872 3447 2102 3535 mittat,
2160 3459 2412 3520 insertis
2475 3459 2538 3519 in
2604 3480 2676 3521 ea
2725 3461 2916 3521 ratio-

261 3568 448 3633 nibus
495 3566 879 3653 supradietis
926 3573 990 3630 et
1036 3565 1175 3629 aliis
1208 3586 1369 3650 quae
1400 3572 1621 3650 postea
1668 3567 1732 3627 in
1766 3566 2224 3650 compositione
2256 3563 2467 3629 dictae
2501 3563 2709 3629 bullae
2738 3567 2916 3650 juxta

163 3687 239 3740 30
260 3674 661 3761 prudentiam
708 3672 873 3738 Suae
920 3671 1290 3737 Sanctitatis
1338 3682 1403 3735 et
1432 3672 1655 3735 R¹¹¹⁰¹⁰¹¹¹
1701 3670 2101 3736 dominorum
2133 3670 2577 3756 deputatorum
2627 3671 2914 3735 conside-

260 3780 458 3847 randa
488 3781 892 3846 videbuntur.
985 3778 1379 3864 addaturque
1425 3781 1488 3842 in
1522 3802 1598 3842 ea
1628 3780 1820 3842 etiam
1851 3778 2278 3863 amplissimus
2327 3777 2913 3857 salvusconductuS,

260 3912 375 3974 per
433 3910 619 3974 quem
689 3896 751 3950 et
821 3886 1170 3951 adversarii
1218 3889 1375 3972 ipsi,
1433 3887 1555 3949 nisi
1614 3884 1953 3951 manifeste
2009 3887 2411 3969 tergiversari
2471 3885 2672 3949 velint
2720 3885 2912 3970 (quod

259 3996 467 4082 palam
513 3994 726 4059 faeere
774 3993 1109 4073 videntur),
1154 3995 1378 4057 merito
1426 3994 1678 4077 possint
1722 3991 1869 4056 illuc
1917 3991 2236 4069 accedere,
2296 4015 2438 4056 cum
2497 3991 2653 4056 nihil
2710 3994 2910 4073 magis

259 4101 580 4166 desideret
625 4101 942 4166 Sanctitas
990 4098 1121 4164 Sua
1165 4122 1353 4185 quam
1401 4101 1679 4164 universi
1726 4098 2051 4163 christiani
2099 4099 2321 4184 populi
2367 4098 2452 4162 ad
2509 4098 2912 4162 concordiam

163 4220 237 4275 35
259 4218 320 4273 ct
367 4211 432 4272 in
481 4232 674 4273 unum
721 4207 1016 4293 idemque
1065 4206 1232 4271 ovile
1280 4206 1519 4271 domini
1565 4206 2017 4271 reductionem.

436 4316 849 4380 Peculiariter
892 4324 1102 4379 autem
1149 4312 1231 4378 ad
1264 4314 1643 4378 Caesaream
1667 4313 2073 4398 Majestatem
2120 4311 2522 4377 scribendum
2570 4322 2665 4377 est
2698 4315 2910 4377 mirari

259 4423 502 4488 Sannum
549 4422 895 4486 Dominum
942 4420 1247 4485 Nostrum
1296 4429 1360 4483 et
1405 4443 1530 4484 non
1585 4444 1807 4507 parum
1854 4420 2070 4486 dolere
2116 4419 2285 4506 quod
2334 4442 2474 4484 cum
2519 4421 2646 4504 jam
2692 4430 2824 4483 tum
2874 4444 2910 4484 a

257 4532 569 4617 principio
615 4528 977 4593 indictionis
1024 4527 1274 4593 concilii
1337 4530 1527 4592 etiam
1586 4526 1668 4592 ad
1714 4530 2088 4613 petitionem
2133 4526 2493 4612 Majestatis
2541 4525 2706 4590 Suae
2754 4528 2910 4590 civi-

256 4646 453 4702 tatem
499 4637 825 4714 Mantuae,
872 4636 1048 4719 cujus
1096 4644 1337 4699 rectum
1384 4634 1731 4699 dominium
1792 4634 1876 4699 ad
1919 4633 2326 4720 Majestatem
2373 4632 2566 4699 Suam
2612 4622 2908 4720 pertinet,

162 4758 239 4811 40
259 4744 497 4830 absque
561 4743 683 4807 ulla
754 4745 1074 4806 mentione
1144 4755 1252 4806 aut
1322 4740 1825 4806 consideratione
1896 4742 2161 4806 militum
2226 4739 2778 4806 conducendorum
2826 4741 2907 4808 ad
