3500 5300
1180 377 1280 439 No,
1323 383 1449 439 155:
1487 381 1626 439 1535
1661 382 1770 437 Mai
1807 384 1893 438 21.
2762 377 2867 440 397

204 581 266 644 et
312 599 449 645 rem
495 586 625 645 tam
671 575 936 644 arduam
999 586 1061 644 et
1105 578 1566 646 Christianitati
1624 601 1866 644 summe
1925 579 2341 645 necessariam
2389 601 2762 667 promovere
2808 587 2871 645 et
2942 584 3081 665 15:35

204 686 519 752 conficere
565 686 899 771 studeatis,
970 687 1134 752 sicut
1178 693 1241 752 et
1298 709 1414 751 vos
1458 685 1694 773 alioqui
1740 687 1949 753 facere
1994 688 2282 752 videmus
2327 696 2391 752 et
2435 687 2642 753 facere
2686 709 2869 773 posse
2891 653 3017 706 Μαι
3052 657 3123 708 21

203 804 267 859 et
329 816 563 880 cupere
623 817 750 859 non
810 792 1191 859 dubitamus.
1242 799 1243 802 ’
1284 793 1455 880 quod
1503 802 1713 858 autem
1763 793 1996 859 Sacrae
2043 793 2394 859 Caesareae
2439 802 2504 859 et
2548 792 2869 859 Catholice

204 901 446 986 Regiae
484 900 832 987 Majestatis
878 910 992 965 etc.
1040 923 1408 988 responsum
1454 900 1533 965 de
1581 899 1846 965 concilio
1894 902 2135 983 attinet,
2181 900 2302 965 hoc
2350 898 2624 966 scribere
2670 899 2867 965 volui-

155 1023 349 1074 5mus
394 1008 566 1096 quod
612 1007 694 1072 ab
742 1030 817 1072 ea
877 1030 1080 1094 nuper
1146 1010 1208 1071 in
1280 1009 1592 1094 responsis
1660 1007 1999 1072 babuimus
2067 1008 2149 1073 ad
2219 1010 2456 1094 primas
2501 1006 2714 1073 literas
2760 1031 2866 1072 no·

203 1125 369 1181 stras
400 1115 451 1203 ¹)
503 1154 577 1163 ——
632 1115 741 1181 sed
801 1138 928 1179 non
985 1115 1066 1179 ad
1113 1116 1504 1201 posteriores,
1565 1137 1723 1202 quas
1781 1116 1837 1179 ei
1896 1137 2086 1201 super
2130 1114 2352 1179 eadem
2409 1137 2477 1179 re
2533 1116 2864 1202 scripsera-

202 1245 350 1287 mus
396 1230 460 1286 et
501 1222 583 1286 ad
632 1245 790 1310 quas
835 1222 1189 1309 Majestatis
1232 1222 1400 1287 Suae
1445 1223 1913 1307 responsionem
1946 1224 2012 1286 in
2059 1221 2246 1287 horas
2291 1231 2703 1309 expectamus
2754 1246 2865 1287 -ε

202 1328 501 1395 videlicet
546 1329 716 1416 quod
762 1329 1061 1415 Majestas
1108 1328 1237 1394 Sua
1296 1327 1537 1393 nullum
1599 1351 1714 1415 pro
1777 1329 2042 1393 concilio
2087 1328 2295 1394 locum
2342 1328 2602 1394 definire
2649 1328 2865 1408 voluit,

203 1437 316 1501 sed
364 1435 554 1501 talem
604 1436 944 1501 electorum
993 1445 1055 1501 et
1110 1435 1377 1502 aliorum
1433 1437 1678 1523 imperii
1724 1438 2082 1523 principum
2144 1435 2433 1501 electioni
2493 1445 2556 1501 et
2614 1435 2865 1523 prefini-

122 1559 187 1612 10
203 1545 359 1608 tioni
409 1543 739 1631 relinquit,
796 1542 1094 1608 habitura
1155 1551 1359 1609 ratum
1424 1552 1488 1608 et
1545 1551 1798 1629 gratum
1860 1565 2302 1630 quemcunque
2358 1543 2565 1608 locum
2614 1545 2866 1609 comuni

202 1660 353 1715 voto
401 1659 464 1715 et
508 1673 766 1716 assensu
812 1673 1029 1716 eorum
1076 1652 1166 1715 sic
1197 1650 1555 1736 eligendum
1602 1659 1664 1715 et
1694 1650 2220 1733 constituendum,
2268 1650 2348 1715 de
2394 1673 2519 1737 quo
2564 1673 2679 1716 vos
2724 1650 2865 1715 ideo

202 1758 547 1823 admonere
595 1756 906 1823 voluimus
967 1767 1037 1823 ut
1104 1756 1295 1823 rebus
1364 1756 1483 1822 illis
1552 1757 1874 1822 attendere
1931 1764 1996 1821 et.
2053 1780 2159 1823 eas
2208 1780 2280 1822 eo
2326 1758 2550 1822 melius
2596 1756 2865 1844 dirigere

204 1865 468 1930 valeatis
494 1867 563 1950 ²).

384 1971 625 2036 Datum
670 1974 735 2036 in
784 1973 1039 2037 civitate
1080 1979 1294 2036 nostra
1324 1971 1609 2036 Viennae
1655 1971 1759 2036 die
1807 1980 1882 2036 21
1938 1972 2168 2035 mensis
2214 1972 2366 2056 maji
2411 1994 2578 2036 anno
2625 1971 2865 2036 domini

129 2088 400 2164 151535‚
447 2101 790 2165 regnorum
837 2087 1191 2143 nostrorum
1235 2079 1504 2142 Romani
1551 2079 1791 2165 quium,
1838 2077 2105 2142 aliorum
2154 2101 2303 2142 vero
2350 2100 2533 2143 nono.
2885 2081 3011 2135 Mai
3046 2085 3118 2136 21

1885 2184 1991 2248 Ad
2037 2185 2408 2250 mandatum
2455 2207 2672 2250 sacrae

1775 2292 2009 2378 Regiae
2053 2292 2404 2378 Majestatis
2450 2294 2773 2379 proprium

1994 2399 2038 2463 J
2042 2422 2095 2463 ο.
2143 2399 2352 2464 Maius
2398 2423 2473 2463 ss,

362 2243 367 2248 ’
442 2237 543 2326 [m.
579 2236 712 2327 pon]
759 2238 1217 2304 Fordinandus.

381 2345 485 2434 [m.
522 2344 653 2434 pn]
701 2346 842 2412 Ber.
889 2345 1057 2411 carm*
1104 2345 1278 2410 Trid.

350 2633 394 2703 ¹)
442 2633 573 2688 Vom
612 2636 645 2687 7
679 2633 852 2702 April
884 2635 1022 2687 1535
1057 2650 1098 2688 s.
1137 2650 1184 2687 0.
1221 2649 1338 2687 nrr.
1376 2634 1479 2685 134
1513 2651 1572 2685 u.
1609 2634 1726 2687 145.

128 2728 193 2779 20
349 2722 395 2787 ²)
439 2723 601 2777 Diese
664 2722 1028 2791 Mittheilunq
1081 2722 1427 2777 wiederholte
1485 2721 1818 2775 Fordinand
1874 2723 1956 2775 als
2011 2724 2265 2777 Antwort
2319 2721 2434 2788 auf
2475 2738 2560 2776 ην.
2616 2727 2720 2776 153
2773 2742 2862 2777 am

209 2820 270 2867 31
305 2813 435 2867 Mai
472 2816 611 2865 1535
651 2811 892 2877 (Lettere
944 2812 1114 2867 latine
1163 2811 1244 2866 ἄρ’
1294 2811 1541 2879 principi
1578 2811 1922 2878 Ammiani),
1969 2812 2153 2865 indem
2201 2829 2259 2866 cr
2305 2812 2422 2878 auf
2467 2811 2671 2866 Grund
2717 2814 2864 2867 eines

207 2905 457 2957 weitercn
482 2902 567 2955 bei
595 2902 710 2955 ihm
736 2901 1152 2971 einqetroffenen
1179 2900 1538 2954 kaiserlichen
1566 2899 1886 2954 Schreibens
1915 2900 2257 2969 hInzusiae‘yte‚
2286 2901 2383 2954 der
2410 2900 2619 2955 Kaisar
2644 2903 2863 2973 weiyere

207 2994 317 3047 sich
365 2991 486 3045 dem
523 2992 778 3045 Nuntius
822 3006 931 3044 von
977 2990 1094 3044 sich
1142 3006 1248 3043 aus
1282 2988 1587 3056 jemanden
1624 2989 1973 3058 beizuqeben,
2025 2990 2123 3043 der
2171 2991 2271 3043 iim
2318 2991 2494 3044 durch
2544 2990 2632 3044 die
2668 2991 2861 3046 Kreise

207 3082 439 3151 boyleite,
475 3080 723 3134 wsmsche
760 3079 906 3145 aber,
946 3074 1064 3146 dast
1113 3078 1364 3147 Veryerio
1399 3080 1588 3133 seinen
1624 3079 1873 3148 Austray
1919 3079 1981 3131 in
2018 3079 2234 3145 Betreff
2260 3078 2351 3133 des
2389 3080 2603 3134 Οοησίζς
2637 3097 2696 3134 so
2734 3097 2861 3135 aus·

126 3171 191 3224 25
206 3171 368 3236 fabre
417 3171 519 3224 wie
568 3186 621 3222 es
667 3168 780 3222 ihm
827 3184 947 3222 vom
984 3167 1187 3237 Papste
1235 3166 1568 3237 aufyeyeben
1619 3168 1838 3223 worden
1883 3168 1976 3221 sei.
2048 3167 2270 3235 (Dieser
2306 3168 2482 3233 Brief
2519 3168 2704 3223 warde
2740 3169 2863 3224 dem

206 3260 463 3314 Nuntius
510 3264 619 3312 erst
652 3262 838 3327 φάτιν
887 3258 951 3311 in
997 3257 1156 3310 Wien
1193 3257 1518 3326 beheimi-iffi,
1565 3274 1604 3311 s.
1643 3275 1699 3310 u.
1737 3274 1825 3311 nr.
1865 3259 2013 3326 163.)
2095 3256 2193 3310 Um
2241 3256 2465 3311 dieselbe
2510 3258 2631 3311 Zeit
2670 3289 2733 3297 —
2772 3277 2863 3312 am

205 3352 277 3403 29
312 3350 439 3403 Mai
480 3376 544 3384 —
585 3347 790 3402 schrieb
828 3345 1164 3400 Ferdinand
1200 3363 1278 3399 an
1312 3345 1581 3401 Sanckez:
1621 3346 1778 3412 Quod
1816 3346 1886 3400 ad
1924 3347 2206 3415 negotium
2243 3347 2479 3416 concilii,
2516 3346 2656 3401 bene
2681 3347 2863 3402 fecisti

209 3438 501 3492 sollicitare
546 3442 605 3491 et
652 3436 857 3490 instare
904 3452 1005 3506 pro
1055 3436 1149 3489 illo
1195 3436 1340 3505 apud
1394 3433 1619 3490 Sanmum
1668 3435 1963 3490 Dominum
2017 3436 2307 3503 Nostrum3
2370 3436 2517 3507 quod
2566 3452 2629 3489 eo
2686 3438 2862 3506 magis

209 3528 387 3581 adhuc
424 3544 459 3579 a
496 3534 554 3579 te
582 3523 701 3578 fieri
729 3525 982 3579 volumus
1010 3541 1119 3596 quo
1148 3526 1407 3594 majorem
1435 3525 1682 3578 videmus
1719 3525 1776 3578 in
1805 3526 1922 3579 dies
1960 3526 2214 3596 ingruere
2243 3542 2423 3578 rerum
2461 3526 2861 3593 necessitatem,

126 3616 296 3693 39cui
332 3616 495 3669 aliter
531 3632 697 3685 quam
737 3614 841 3669 hoc
878 3614 1106 3667 salutari
1158 3614 1334 3667 medio
1381 3614 1545 3685 plane
1592 3632 1700 3668 non
1737 3615 1941 3685 poterit
1978 3614 2210 3669 occurri.
2277 3631 2384 3668 non
2436 3615 2693 3668 minorem
2733 3631 2861 3669 vero

207 3705 261 3759 in
312 3705 504 3759 eodem
553 3720 775 3774 operam
822 3703 1091 3774 impendit
1125 3703 1258 3757 Rev.
1298 3703 1361 3757 P.
1403 3703 1466 3756 P.
1505 3702 1806 3774 Vergerius
1854 3704 2090 3758 nuncius
2144 3703 2510 3774 apostolicus,
2551 3704 2666 3773 jam
2713 3704 2861 3774 apud

209 3794 290 3848 111.
326 3794 599 3849 Bavariae
635 3794 804 3848 duces
844 3835 854 3845 .
898 3835 908 3845 .
952 3834 964 3846 .
1003 3793 1249 3863 aliosque
1297 3809 1468 3863 agens
1515 3799 1572 3848 et
1619 3793 1915 3863 diligenter
1964 3801 2020 3847 et
2066 3810 2192 3847 cum
2242 3810 2444 3864 magna
2477 3793 2771 3863 prudentia
2805 3800 2863 3849 et

209 3883 320 3938 zelo
356 3882 791 3938 Christianitatis
838 3881 916 3936 rei
965 3882 1124 3937 istius
1174 3899 1491 3937 successum
1538 3899 1855 3953 promovere
1903 3883 2157 3949 studen8‚
2209 3883 2277 3937 de
2314 3899 2424 3952 quo
2459 3888 2669 3936 certum
2707 3883 2862 3937 testi-

208 3975 446 4028 monium
483 3971 627 4026 ferre
662 3989 956 4042 possumus
994 3978 1048 4025 et
1085 3971 1239 4025 illum
1276 3988 1376 4042 per
1403 3979 1458 4026 te
1495 3989 1715 4043 quoque
1754 3971 2048 4026 Sanctitati
2087 3970 2228 4026 Suae
2264 3978 2557 4042 propterea
2594 3989 2861 4026 commen-

128 4060 320 4117 35dari
358 4062 628 4116 volumus.
700 4062 928 4129 Auszuy
971 4060 1223 4129 Venedi9‚
1263 4061 1407 4115 Bibl.
1450 4062 1627 4115 Marc.
1667 4061 1760 4115 lat.
1801 4063 1868 4117 cl.
1908 4060 1993 4114 IX
2031 4061 2149 4115 cod.
2189 4062 2258 4115 66
2295 4060 2371 4115 fol
2429 4062 2532 4115 180
2571 4060 2647 4131 (u.
2678 4060 2770 4115 fol.
2799 4058 2857 4128 3)

213 4134 333 4221 Cop.
371 4168 449 4206 cc.
493 4181 559 4189 —
607 4151 809 4204 Weiter
856 4149 1064 4205 schrieb
1103 4150 1319 4203 (lamala
1357 4179 1423 4187 —
1463 4168 1551 4203 am
1587 4154 1654 4203 21
1690 4151 1821 4204 Mai
1865 4181 1920 4188 —
1967 4151 2064 4205 der
2104 4149 2377 4204 Cardinal
2410 4167 2516 4205 von
2558 4149 2748 4204 Trient
2786 4168 2863 4203 an

210 4241 431 4296 Johama
466 4240 617 4296 Eck:
660 4239 749 4293 De
787 4239 1047 4308 concili0,
1085 4246 1353 4310 quantum
1390 4239 1696 4309 intelligere
1732 4257 2054 4310 possumus,
2091 4239 2236 4293 bona
2272 4248 2359 4294 est
2395 4255 2546 4293 mens
2581 4237 2861 4310 pontificis

210 4347 304 4386 nec
347 4329 509 4385 nobis
558 4329 889 4401 persuadere
937 4346 1047 4383 non
1101 4345 1392 4400 possumus
1438 4329 1573 4399 quin
1622 4329 1920 4400 aliquando
1969 4328 2216 4383 debitum
2266 4327 2521 4384 effectum
2572 4329 2859 4387 sortiatur:

222 4419 469 4490 Ῡεπεᾱίρ,
506 4419 658 4473 Bibe.
697 4420 878 4474 Marc.
914 4419 996 4472 lat
1050 4418 1118 4473 cl.
1158 4418 1243 4472 IX
1280 4418 1397 4472 cod.
1438 4420 1506 4472 66
1544 4416 1636 4471 fol.
1676 4419 1740 4471 51
1788 4416 1938 4489 Oriq.
1980 4448 2042 4457 —
2082 4419 2189 4472 Am
2226 4422 2298 4472 30
2325 4419 2452 4472 Mai
2487 4418 2698 4473 echa-iel)
2738 4419 2858 4472 der·

131 4506 336 4564 §Osdbe
373 4527 450 4563 απ
493 4509 773 4578 Veryerio,
829 4507 925 4562 der
968 4508 1082 4561 ihm
1131 4524 1220 4560 am
1255 4511 1325 4560 19
1360 4507 1487 4561 Mai
1524 4524 1628 4561 aus
1663 4508 1963 4577 Auysbury
2004 4508 2351 4577 ‚qeschriebm
2387 4509 2558 4575 hatte,
2617 4508 2858 4577 beqlt'ae‘ck-

212 4599 474 4653 wamchte
530 4598 630 4652 itm
682 4615 804 4651 zum
859 4597 1035 4652 bisher
1087 4597 1391 4651 erreichten
1440 4596 1642 4666 Ersolq
1686 4597 1808 4651 und
1853 4598 2138 4664 wilmchta
2190 4593 2309 4665 dass
2357 4597 2446 4652 die
2489 4597 2859 4653 Concilssache

213 4694 478 4743 ottenesse
515 4687 699 4758 quello
748 4686 1019 4757 principio
1068 4694 1125 4740 et
1174 4685 1362 4740 debito
1401 4686 1616 4757 meggio
1653 4694 1710 4741 et
1761 4684 1836 4741 fin
1875 4687 2004 4757 qual
2041 4686 2186 4742 fosse
2222 4703 2321 4758 per
2356 4687 2766 4757 corrisponderc
2802 4686 2855 4740 al

214 4777 429 4847 publico
465 4776 700 4847 bisogno
735 4783 792 4831 et
838 4776 891 4830 al
940 4776 1148 4847 grande
1196 4775 1464 4831 desiderio
1513 4783 1700 4830 nostro
1742 4818 1753 4829 .
1795 4818 1807 4830 .
1847 4818 1859 4830 .
1900 4817 1912 4829 .
1947 4793 2209 4847 pregamo
2254 4794 2361 4847 pur
2410 4776 2511 4830 che
2561 4776 2765 4848 l’opera
2800 4784 2857 4833 et
