3500 5300
565 360 671 424 138
1546 358 1644 418 No.
1682 365 1778 419 31:
1816 359 1954 419 153⁷
1990 362 2141 434 April
2177 360 2228 418 2.

378 566 515 615 1537
569 567 740 627 3000
787 557 1033 623 ducati:
1095 565 1236 623 sara
1281 559 1442 623 bene
1491 558 1609 624 che
1658 557 1789 622 Sua
1832 556 2084 622 Santita
2133 557 2222 641 gli
2268 557 2473 622 faccia
2517 580 2673 642 gran
2719 555 3242 621 consideratione

334 635 471 702 ΑΨ·
507 637 547 687 2
567 678 630 730 et
678 688 798 729 con
843 663 991 729 bon'
1023 665 1261 745 ordine,
1308 663 1629 730 volendoli
1666 666 2020 749 gratificare
2066 675 2262 728 senon
2308 666 2376 727 in
2420 671 2606 742 tutto,
2652 664 2899 728 almeno
2946 666 3014 727 in
3047 672 3241 749 parte

569 813 648 820 —
697 771 931 858 perche
991 774 1055 835 in
1115 775 1260 856 ogni
1319 794 1469 837 caso
1527 794 1728 857 penso
1789 774 1885 836 sia
1942 771 2172 855 meglio
2218 779 2536 836 smontare
2595 770 2715 836 che
2773 772 3097 852 caecare·)
3148 810 3240 817 ——

566 878 849 943 stabilire
911 878 1028 942 che
1089 879 1300 963 quello
1359 885 1547 943 von-a
1605 878 1960 942 concedere
2021 876 2150 941 Sua
2210 875 2461 942 Santita
2518 880 2613 941 sia
2669 880 3048 963 consignabo
3118 899 3245 962 per

565 987 706 1049 suoi
751 987 991 1070 proprii
1039 987 1306 1048 ministri
1356 984 1641 1070 deputati
1689 1008 1728 1048 a
1775 993 2002 1069 questo
2062 992 2127 1048 et
2177 982 2483 1048 residenti
2529 986 2597 1047 in
2643 983 2850 1068 quelle
2896 985 3241 1070 provincie
3294 1000 3329 1051 5

567 1091 671 1155 alli
719 1093 930 1176 agenti
975 1089 1040 1153 di
1089 1089 1219 1155 Sua
1265 1090 1549 1171 Maesta,
1606 1099 1669 1153 et
1714 1100 1943 1175 questo
1988 1093 2044 1154 si
2089 1090 2399 1176 potrebbe
2457 1089 2593 1154 fare
2640 1112 2679 1154 a
2722 1099 2941 1176 tempo
2986 1090 3241 1176 prefixo

568 1220 761 1262 overo
830 1195 912 1261 ad
965 1197 1436 1282 beneplacitum
1493 1196 1558 1261 di
1622 1195 1752 1262 Sua
1812 1195 2091 1277 Santim,
2150 1196 2448 1262 accioche
2516 1196 2860 1261 havessero
2930 1199 3245 1261 continua

568 1326 761 1369 causa
806 1302 1272 1368 d’intertenersi
1320 1325 1443 1367 con
1487 1303 1550 1368 la
1594 1302 1747 1368 sede
1796 1303 2163 1389 apostoliea.

306 1413 447 1467 Mrz·
483 1414 551 1465 31
744 1408 1123 1474 L'altr'hieri
1171 1433 1375 1474 venne
1421 1410 1484 1473 la
1513 1419 1800 1489 certezza
1844 1408 1948 1474 del
1994 1410 2120 1473 mal
2164 1431 2463 1474 successo
2507 1409 2575 1474 di
2606 1409 2817 1475 Clissa
2846 1413 2908 1491 ¹),
2955 1410 2999 1473 il
3046 1409 3245 1495 quale

569 1523 604 1579 ὲ
649 1525 817 1580 stato
862 1518 1089 1595 inteSO,
1135 1538 1315 1580 come
1362 1519 1416 1580 si
1448 1516 1632 1595 deve,
1677 1538 1802 1581 con
1846 1538 2002 1600 gran
2034 1515 2409 1601 dispiacere,
2453 1519 2729 1581 maxime
2761 1515 3033 1580 essendo
3066 1526 3245 1580 stato
3266 1533 3332 1585 1⁰

569 1625 637 1686 in
682 1644 874 1687 causa
920 1622 983 1686 la
1026 1622 1414 1706 negligentia
1460 1621 1541 1686 de
1587 1625 1736 1686 tutti
1799 1622 1843 1685 li
1892 1624 2181 1702 ministri,
2227 1644 2407 1686 come
2455 1624 2756 1687 scrivono
2802 1622 2887 1687 da
2929 1621 3245 1687 Venetia.

573 1737 638 1794 et
678 1729 872 1813 hoggi
918 1726 1048 1792 Sua
1093 1729 1348 1793 Maesta
1414 1727 1578 1792 m’ha
1647 1727 1826 1792 detto
1894 1729 2014 1793 che
2084 1728 2293 1793 hanno
2362 1727 2666 1814 expedito
2734 1752 2774 1794 a
2843 1728 3053 1793 Clissa
3122 1751 3249 1814 per

572 1834 755 1919 fargl'
800 1837 1009 1899 animo
1057 1843 1122 1899 et
1167 1834 1400 1898 vedere
1449 1858 1518 1899 se
1564 1837 1616 1898 si
1667 1840 1751 1920 po
1798 1838 2176 1899 intertenere
2222 1835 2488 1919 qualche
2533 1837 2762 1919 giomi,
2806 1846 2873 1899 et
2918 1835 3037 1900 che
3086 1857 3247 1899 con-

572 1940 909 2005 siderando
954 1941 1018 2005 la
1061 1940 1285 2026 grand’
1330 1944 1723 2026 importanza
1784 1941 1891 2005 del
1949 1942 2088 2005 loeo
2149 1962 2275 2005 non
2322 1941 2457 2006 solo
2502 1964 2620 2026 per
2662 1940 2947 2005 l’honore
2990 1940 3060 2005 di
3110 1939 3249 2005 Sua

573 2048 857 2126 Maesta,
915 2068 1018 2112 ma
1078 2047 1357 2112 anchora
1415 2069 1532 2133 per
1589 2057 1757 2111 tutta
1816 2048 1879 2111 la
1949 2047 2364 2112 Christianita
2420 2057 2488 2111 et
2542 2048 3074 2134 principalmente
3124 2064 3336 2133 per15

573 2153 835 2233 l’Italia,
894 2153 1178 2219 delibera
1237 2176 1305 2218 se
1366 2159 1509 2218 sara
1567 2177 1605 2217 a
1662 2163 1879 2239 tempo
1940 2164 2007 2217 et
2059 2160 2273 2239 potra,
2332 2153 2645 2219 mandarli
2702 2175 2874 2219 novo
2920 2176 3251 2233 soccorso‚

574 2259 829 2345 quando
877 2260 1115 2324 Nostro
1162 2260 1430 2345 Signore
1488 2262 1541 2323 si
1602 2259 1792 2343 degni
1840 2262 1903 2323 in
1951 2262 2052 2323 cio
2101 2261 2368 2325 aiutarlo
2384 2285 2401 2340 ;
2461 2270 2526 2325 et
2582 2266 2739 2346 pero
2800 2260 2920 2325 che
2980 2260 3251 2325 devesei

576 2368 856 2431 scrivere
889 2389 926 2430 a
957 2365 1086 2431 Sua
1118 2364 1533 2431 Beatitudine
1584 2376 1649 2430 et
1693 2376 1935 2452 quanto
1965 2369 2208 2453 potessi
2255 2369 2320 2430 in
2368 2355 2469 2431 cio
2502 2368 2793 2452 pregarla
2839 2370 2907 2431 in
2936 2390 3128 2433 nome
3176 2366 3250 2431 di

576 2472 708 2538 Sua
763 2472 1017 2537 Maesta
1077 2496 1205 2537 non
1264 2473 1515 2539 volesse
1585 2472 2035 2538 abbandonare
2104 2484 2332 2557 questa
2397 2475 2673 2559 impresa
2686 2522 2703 2553 ,
2772 2473 3253 2539 considerando

575 2578 846 2644 ch'assai
891 2582 1215 2666 maggiore
1261 2602 1451 2667 spesa
1497 2578 2028 2643 ordinm-iamente
2075 2579 2542 2664 bisognarebbe
2587 2589 2805 2644 tenere
2822 2629 2839 2661 ‚
2898 2579 3255 2666 capitando
3272 2596 3343 2651 m

575 2696 804 2771 questo
850 2688 992 2752 loeo
1039 2690 1105 2751 in
1149 2710 1335 2752 mano
1381 2686 1462 2750 de
1507 2686 1778 2766 Turchi‚
1834 2709 1948 2772 per
2004 2687 2067 2751 la
2114 2685 2487 2751 defensione
2534 2686 2942 2766 d'Anchona,
3001 2686 3069 2751 di
3113 2686 3255 2751 Ra-

577 2815 789 2858 venna
858 2803 924 2858 et
990 2792 1056 2857 di
1117 2802 1282 2858 tutta
1338 2793 1549 2878 quella
1592 2792 1834 2857 Rivera
1899 2793 2020 2857 che
2080 2780 2195 2879 per
2253 2791 2413 2857 darli
2471 2816 2640 2859 novo
2709 2796 2883 2858 aiuto
2950 2816 3081 2858 una
3146 2794 3255 2858 sol

578 2901 783 2980 volta,
830 2909 895 2964 et
940 2900 1057 2964 che
1102 2900 1188 2983 gl'
1234 2900 1474 2964 antichi
1520 2902 1890 2986 imperatori
1924 2898 2136 2978 Greci,
2181 2899 2436 2985 quando
2466 2901 2782 2964 volevano
2826 2899 3133 2965 mandare
3178 2902 3250 2964 in

577 3006 785 3086 Italia,
830 3029 1079 3092 sempre
1125 3007 1437 3070 facevano
1483 3015 1650 3070 tutto
1695 3007 1740 3070 il
1788 3006 1999 3069 sforzo
2047 3029 2085 3070 a
2129 3018 2354 3090 questo
2400 3015 2587 3092 porto
2632 3006 2700 3071 di
2747 3005 2978 3085 Clissv„
3022 3006 3145 3072 che
3192 3010 3251 3071 si

580 3114 912 3178 chiamava
957 3111 1186 3177 Salone
1214 3114 1281 3194 ²),
1326 3134 1505 3176 come
1550 3113 1625 3176 fu
1670 3113 1730 3176 al
1761 3121 1978 3198 tempo
2011 3112 2130 3177 che
2162 3112 2459 3177 Narsette
2508 3123 2575 3177 et
2602 3112 2915 3178 Belisario
2962 3127 3339 3181 venneto&

581 3223 648 3284 in
691 3218 880 3284 Italia
927 3229 994 3283 et
1037 3220 1199 3300 altri,
1246 3228 1311 3284 et
1354 3219 1472 3284 che
1516 3220 1661 3304 quel
1709 3229 1894 3304 porto
1952 3219 2017 3283 di
2067 3218 2278 3284 Clissa
2323 3225 2358 3282 e
2404 3222 2822 3305 capacissimo
2868 3218 2936 3284 di
2983 3222 3133 3284 navi
3183 3231 3253 3284 et

583 3330 648 3392 vi
695 3333 729 3389 e
774 3329 886 3413 pin
933 3330 1196 3392 materia
1239 3325 1305 3391 di
1364 3326 1679 3391 fabricare
1737 3336 1977 3391 armata
2039 3326 2159 3391 che
2204 3328 2269 3391 in
2315 3327 2476 3392 altro
2522 3326 2664 3391 loco
2711 3325 2830 3390 che
2875 3326 3155 3412 posseda
3202 3327 3251 3390 il

581 3433 827 3514 Turco;
874 3439 1027 3520 pero
1074 3434 1193 3499 che
1240 3433 1370 3498 Sua
1416 3433 1668 3498 Santita
1711 3455 1840 3497 non
1884 3433 2021 3497 solo
2066 3455 2184 3519 per
2224 3432 2506 3498 l'honore
2550 3454 2668 3497 suo
2715 3441 2781 3496 et
2824 3432 2908 3497 de
2954 3433 3017 3497 la
3062 3432 3253 3497 Chri-

584 3543 858 3620 stianita,
902 3563 1004 3604 ma
1051 3540 1327 3604 anchora
1383 3563 1499 3625 per
1555 3540 1602 3603 il
1658 3540 1967 3604 beneficio
2012 3542 2271 3626 proprio
2318 3539 2526 3604 debbe
2572 3542 2640 3603 in
2685 3542 2788 3604 cio
2836 3561 3051 3604 essere
3097 3562 3250 3604 con-

585 3657 763 3711 tenta
808 3646 872 3710 di
920 3669 1187 3732 porgere
1234 3649 1408 3710 aiuto
1432 3694 1449 3725 ,
1518 3648 1680 3710 oltra
1724 3646 1844 3711 che
1887 3645 2017 3710 Sua
2046 3646 2302 3711 Maesta
2344 3645 2805 3711 riconoscendo
2850 3647 2980 3710 tale
3027 3646 3249 3710 effetto
3267 3659 3335 3712 30

584 3755 1187 3837 gratissimamente,
1247 3755 1760 3818 continuamente
1818 3753 1864 3816 li
1910 3759 2151 3817 restam
2198 3752 2558 3836 obbligato5
2621 3761 2685 3816 et
2744 3751 2864 3816 che
2910 3775 3103 3838 sopra
3146 3755 3249 3815 cio

586 3860 634 3923 li
693 3861 832 3923 suoi
894 3861 1105 3942 agenti
1165 3862 1230 3923 in
1286 3859 1494 3924 Roma
1550 3861 1664 3944 pin
1720 3860 2108 3942 largamente
2167 3858 2639 3924 n'havrebbeno
2708 3860 2956 3944 parlato
3025 3881 3063 3922 a
3122 3859 3249 3921 Sua

588 3963 999 4030 Beatitudine
1058 3974 1124 4029 et
1179 3966 1298 4030 che
1345 3964 1639 4030 venendo
1699 3967 1849 4028 novi
1911 3967 2069 4029 avisi
2132 3963 2217 4029 da
2262 3965 2469 4030 Clissa
2515 3965 2651 4029 fara
2697 3966 2758 4029 le
2805 3964 3248 4029 deliberationi

589 4074 963 4151 necessarie,
1009 4071 1089 4136 de
1134 4072 1195 4135 le
1241 4073 1411 4156 quali
1457 4075 1546 4135 mi
1591 4071 1740 4135 dara
1790 4074 2032 4150 notitia,
2078 4072 2377 4135 aceioche
2423 4071 2554 4135 Sua
2600 4070 2849 4135 Sunt-ita
2897 4073 3007 4156 pin
3056 4073 3249 4156 parti-

591 4179 977 4243 cularmente
1024 4201 1215 4264 possa
1271 4202 1495 4265 sapere
1554 4179 1766 4262 quello
1825 4178 1941 4240 che
2003 4183 2143 4241 sarz]
2191 4177 2457 4261 bisogno
2515 4189 2580 4241 et
2625 4176 2919 4241 desidera
2965 4187 3333 4241 ottenereae

735 4450 777 4498 a)
810 4445 971 4487 Perche
1002 4467 1050 4476 --—
1082 4457 1257 4486 meare
1287 4447 1329 4485 in
1364 4445 1569 4496 (Daph-u,-
1597 4444 1837 4496 Auslomma
1862 4444 2300 4494 dmm-ymbrcdm.

739 4554 779 4619 ¹)
824 4543 962 4609 Uber
1010 4554 1100 4607 die
1148 4572 1238 4607 am
1276 4558 1347 4609 12
1385 4555 1552 4608 Mcirz
1598 4553 1821 4622 «ετ-[οἶφε
1857 4553 2188 4622 Niederlaye
2237 4553 2335 4606 der
2368 4552 2711 4621 keiniqlichen
2746 4551 2871 4605 und
2898 4551 3244 4620 papatiam

593 4643 1044 4710 Manna-hasten,
1084 4643 1177 4696 die
1215 4644 1391 4697 Clissa
1426 4647 1694 4695 entsetzen
1730 4643 1943 4708 sollten,
1980 4643 2079 4711 1:91.
2118 4642 2384 4696 Bucholtss
2423 4639 2530 4695 Ba.
2567 4643 2603 4693 ὅ
2637 4639 2691 4693 S.
2730 4644 2848 4695 101.

737 4731 784 4804 ²)
832 4731 940 4802 1⁷91.
983 4732 1089 4787 Bd.
1128 4735 1159 4783 1
1194 4748 1262 4784 zu
1297 4749 1383 4786 nr.
1426 4734 1545 4784 106.
