3500 5300
1277 351 1377 437 izo.
1415 381 1511 437 36:
1551 353 1689 436 1531
1725 378 1877 452 April
1913 380 1998 435 21.
2875 350 2971 439 151'

305 575 371 641 di
419 598 548 641 non
593 598 673 641 ne
719 575 917 642 haver
961 575 1231 661 bisogno
1276 582 1358 641 ne
1403 577 1581 642 voler
1634 576 1954 641 sicurezza
1999 576 2223 640 alcuna
2282 598 2395 661 per
2450 576 2514 639 la
2573 596 2847 660 persona
2906 575 2970 639 di
3050 580 3193 630 1537

305 681 440 747 Sua
482 682 892 748 Beatitudine
939 689 1018 747 110
1064 683 1170 748 (101
1215 705 1398 748 sacro
1442 682 1712 767 collegio
1759 688 1839 746 ne
1886 682 1965 747 de
2010 682 2234 768 prelati
2284 682 2399 747 che
2432 681 2842 747 v’havessino
2890 681 2974 746 ad
2997 649 3134 715 Apr'
3174 652 3248 701 21

305 791 715 855 intravenire.
806 800 871 853 et
914 812 1031 876 per
1076 799 1303 875 questo
1350 788 1484 854 Sua
1528 787 1781 854 Santita
1825 796 1858 853 e
1905 799 2073 853 stata
2119 798 2473 854 constretta
2526 811 2868 875 prorogare
2928 790 2972 853 il

303 904 524 982 tempo
571 895 739 961 della
784 895 974 961 decta
1030 897 1454 961 celebratione
1515 898 1657 961 sino
1717 919 1757 961 a
1814 896 2088 961 kalende
2148 895 2213 961 di
2268 895 2619 961 novembre
2665 898 2974 982 proxime,
2994 896 3135 950 Nov·
3173 901 3204 949 1

251 1014 424 1090 5per
470 1012 690 1089 potere
749 1005 816 1067 in
861 1012 1090 1088 questo
1147 1025 1364 1068 mezzo
1426 1005 1541 1090 pin
1599 1011 2059 1067 maturamcnte
2121 1002 2541 1067 determinare
2602 1001 2754 1066 d'un
2813 1003 2974 1067 altro

306 1110 450 1175 loco
495 1109 729 1175 idoneo
776 1121 842 1175 ct
888 1113 954 1177 in
999 1120 1215 1195 tempo
1274 1109 1494 1175 debito
1551 1109 1717 1175 farlo
1777 1109 2102 1174 notificare
2161 1132 2200 1173 a
2259 1111 2409 1174 tutti
2469 1109 2517 1173 li
2575 1110 2848 1195 principi
2913 1120 2980 1173 et

305 1217 535 1302 prelati
566 1217 911 1295 christiani,
958 1216 1228 1282 essendo
1260 1215 1391 1282 Sua
1422 1215 1670 1282 Santita
1715 1216 2088 1280 totalmcntc
2135 1215 2489 1280 deliberata
2534 1215 2598 1280 di
2633 1215 2977 1281 celebrarlo

307 1346 429 1389 con
474 1321 692 1388 l'aiuto
738 1321 806 1387 di
849 1322 1000 1389 Dio.
1091 1323 1158 1388 di
1205 1324 1474 1389 Mantoa
1517 1346 1646 1388 non
1696 1345 1963 1389 accasca
2008 1326 2120 1409 pin
2166 1330 2245 1387 ne
2285 1323 2531 1409 parlarc
2578 1330 2656 1387 ne
2687 1346 2977 1408 pensare,

305 1428 541 1515 perche
587 1428 669 1494 ad
714 1430 902 1494 alcun
946 1429 1136 1495 modo
1183 1454 1312 1496 non
1358 1437 1393 1495 e
1437 1429 1767 1516 giudicata
1815 1431 1874 1495 al
1919 1433 2268 1517 propositO.

219 1549 290 1601 10
485 1535 736 1614 Questa
778 1539 1226 1622 prorogatione
1273 1538 1344 1601 fn
1390 1537 1556 1602 satta
1615 1537 1756 1602 hier
1799 1540 2068 1601 mattina
2124 1539 2185 1601 in
2235 1539 2617 1602 consistorio
2650 1540 2691 1617 ¹)
2755 1546 2821 1601 et
2865 1536 2976 1601 ha·
2996 1535 3135 1603 APY·
3174 1539 3252 1587 20

305 1641 519 1707 vendo
563 1642 757 1728 hoggi
803 1646 1138 1709 occasione
1184 1642 1292 1707 del
1334 1651 1633 1729 presente
1664 1646 1954 1723 corriere‚
2000 1644 2148 1728 qual
2181 1652 2360 1729 parte
2394 1665 2508 1729 per
2540 1642 2843 1722 Venetia,
2888 1646 2974 1707 mi

306 1756 342 1813 e
372 1771 562 1835 parso
595 1749 791 1815 darne
830 1773 869 1815 a
899 1749 989 1815 V.
1023 1748 1087 1813 S.
1118 1759 1346 1835 questo
1391 1772 1556 1835 poco
1602 1759 1812 1828 cont0,
1857 1748 2313 1813 riservandomi
2361 1750 2816 1834 scrivergliene
2861 1753 2974 1835 pin

304 1854 735 1921 difusamente
783 1879 897 1942 per
942 1879 1027 1920 un
1074 1858 1345 1922 corriere
1392 1855 1512 1922 che
1559 1858 1993 1942 spacciaremo
2039 1878 2077 1920 a
2123 1864 2305 1940 posta
2366 1878 2487 1920 con
2534 1856 2744 1920 alcuni
2793 1855 2969 1923 brevi

306 1984 345 2027 a
389 1962 602 2048 quella
647 1961 902 2027 Maesta
947 1972 1013 2027 et
1057 1961 1141 2027 ad
1185 1963 1328 2027 altri
1375 1985 1412 2027 a
1458 1962 1564 2028 chi
1610 1968 1752 2028 sara
1798 1962 2068 2047 bisogno
2097 1965 2161 2042 2).
2254 1965 2321 2026 in
2367 1972 2595 2047 questo
2650 1985 2866 2027 mezzo
2911 1963 2971 2028 la

215 2080 287 2134 15
305 2068 372 2134 S.
417 2067 507 2136 V.
554 2092 674 2135 con
731 2069 794 2134 la
860 2068 1049 2134 solita
1113 2091 1228 2133 sua
1294 2067 1635 2156 prudentia
1701 2075 1887 2155 potra
1956 2069 2133 2134 farne
2202 2072 2530 2156 partecipe
2589 2070 2653 2133 la
2720 2069 2975 2134 Maesta

304 2175 409 2243 del
453 2198 522 2243 re
568 2187 634 2241 et
680 2176 874 2261 quelli
920 2177 1064 2241 altri
1112 2177 1351 2260 signori
1398 2174 1678 2241 secondo
1726 2176 1771 2240 li
1819 2181 2043 2262 parera
2090 2175 2511 2262 expediente,
2556 2175 2972 2261 provedendo

305 2305 427 2347 con
473 2282 810 2349 dextrezza
856 2305 1037 2348 come
1085 2283 1168 2347 da
1208 2306 1277 2348 se
1324 2282 1407 2348 ad
1438 2285 1588 2368 ogni
1635 2283 2007 2349 alteratione
2041 2281 2160 2347 che
2206 2291 2461 2368 potesse
2493 2305 2758 2347 nascere
2806 2282 2973 2367 negl'

304 2392 499 2457 animi
546 2389 612 2454 di
660 2390 854 2476 quelli
902 2391 1138 2474 signori
1187 2389 1251 2453 di
1301 2388 1649 2454 Germania
1694 2412 1812 2475 per
1856 2400 2081 2475 questa
2125 2392 2489 2455 necessaria
2524 2391 2971 2474 prorogatione

304 2495 411 2561 del
457 2496 645 2562 decto
691 2496 963 2561 concilio
1011 2505 1076 2560 et
1120 2497 1470 2561 mutatione
1512 2495 1618 2560 del
1650 2496 1854 2561 111000.
1916 2493 2171 2580 quando
2204 2493 2293 2561 V.
2327 2494 2390 2558 S.
2436 2493 2805 2559 intendessc
2852 2494 2970 2559 che

211 2602 478 2689 20digia
522 2606 576 2669 si
621 2602 875 2670 fussero
939 2606 1135 2670 mosei
1196 2603 1410 2670 alcuni
1467 2603 1700 2690 prelati
1746 2626 1785 2666 o
1833 2603 2063 2667 oratori
2113 2601 2193 2666 de
2240 2602 2511 2688 principi
2572 2624 2691 2688 per
2750 2603 2970 2667 venire

302 2733 342 2775 a
386 2720 613 2795 questa
670 2710 875 2790 volta,
931 2711 1144 2776 faccia
1199 2710 1298 2775 lor
1349 2709 1683 2775 intendere
1742 2718 1983 2795 quanto
2040 2709 2105 2773 di
2169 2731 2357 2795 sopra
2387 2710 2432 2790 ⁸)
2446 2757 2465 2787 ,
2519 2709 2968 2794 aggingendoli

301 2816 422 2883 che
466 2818 785 2903 aspettino
831 2820 897 2882 in
942 2817 1139 2883 breve
1185 2818 1249 2882 la
1294 2818 1687 2883 notification
1747 2817 1850 2881 del
1909 2817 2085 2894 loco,
2145 2814 2445 2881 accioche
2502 2817 2565 2879 in
2628 2825 2846 2901 tempo
2903 2818 2968 2881 vi

299 2923 562 3010 possino
606 2925 1010 2992 intervenire.
1102 2933 1166 2988 et
1213 2946 1283 2988 se
1344 2923 1548 2989 anche
1594 2922 1683 2988 V.
1730 2922 1794 2987 S.
1853 2923 2123 2988 havesse
2183 2924 2520 2986 occasione
2577 2920 2643 2986 di
2706 2931 2968 3008 poterne

300 3029 419 3095 dar
484 3034 667 3098 aviso
737 3033 800 3094 in
860 3029 1126 3095 Polonia
1197 3040 1263 3094 et
1331 3032 1396 3093 in
1459 3029 1737 3095 Saxonia
1795 3030 1857 3093 al
1916 3028 2043 3092 ΒΜ
2092 3029 2472 3114 Maguntino
2541 3038 2608 3092 et
2674 3028 2734 3093 al
2803 3027 2967 3095 duca

210 3148 285 3202 25
303 3135 606 3222 Georgio,
653 3160 778 3200 non
824 3137 886 3201 la
945 3136 1176 3222 perda,
1235 3135 1624 3214 anchorche‚
1684 3158 1866 3201 come
1920 3135 2004 3200 ho
2063 3134 2242 3198 detto
2303 3134 2369 3198 di
2429 3157 2649 3221 sopra,
2708 3158 2823 3221 per
2882 3158 2967 3201 un

300 3246 572 3309 cori-iere
618 3267 656 3308 a
702 3252 890 3329 posta
935 3245 991 3308 si
1036 3242 1468 3308 manderanno
1527 3243 1573 3308 li
1627 3242 1809 3307 brevi
1869 3265 1984 3329 per
2044 3251 2269 3327 questo
2329 3251 2521 3307 conto
2582 3242 2689 3306 aui
2748 3265 2968 3328 sopra-

303 3349 493 3415 docti.

479 3456 555 3520 Io
602 3456 685 3521 ad
744 3458 890 3541 ogni
951 3457 1201 3521 cautela
1261 3454 1345 3519 110
1405 3457 1630 3520 scritto
1690 3479 1815 3520 con
1871 3464 2099 3542 questo
2159 3457 2418 3541 spaccio
2477 3454 2539 3519 al
2598 3456 2839 3521 vicario
2899 3454 2966 3520 di

298 3566 665 3648 monsignor
726 3565 855 3627 mio
901 3562 1030 3626 ΒΜ
1088 3561 1462 3626 Tridentino
1521 3561 1780 3627 dandoli
1844 3564 2026 3628 aviso
2088 3562 2151 3626 di
2214 3570 2441 3647 questa
2502 3564 2965 3648 prorogatione,

210 3670 600 3737 30accioche
644 3669 986 3757 capitando
1031 3670 1079 3733 11
1126 3668 1395 3754 qualche
1441 3670 1687 3755 prelato
1735 3691 1774 3733 o
1821 3669 1886 3733 di
1935 3667 2277 3734 Germania
2324 3693 2362 3732 0
2409 3667 2636 3732 d’altro
2682 3668 2855 3748 1000,
2900 3669 2964 3733 10

445 3864 489 3935 ¹)
527 3865 686 3921 Kurz
731 3866 992 3921 vermerkt
1037 3866 1102 3920 in
1151 3865 1257 3920 den
1306 3865 1839 3921 Consistmialakten
1895 3865 1988 3919 des
2047 3864 2538 3921 Vicdcamleramts
2585 3864 2743 3934 (Cod.
2795 3864 2960 3919 Barb.

298 3955 573 4024 XXXVI,
611 3953 705 4018 13)
743 3953 865 4009 wnd
902 3955 994 4010 des
1030 3954 1495 4009 Kammereramts
1532 3953 1723 4023 (Arch.
1754 3955 2074 4022 consister),
2110 3954 2212 4009 mit
2240 3954 2467 4023 Anqabc
2505 3949 2625 4021 defi
2663 3953 2759 4007 dor
2784 3953 2962 4022 Papst

297 4045 444 4100 auch
493 4043 603 4098 den
653 4043 973 4102 Gesandten
1022 4044 1120 4098 der
1173 4044 1395 4098 Mc'ichte
1440 4043 1671 4112 wykich
1720 4044 1796 4097 im
1845 4042 2245 4098 Consi-storiam
2291 4059 2400 4096 von
2448 4042 2548 4096 der
2584 4041 2963 4111 Proroyation

295 4134 661 4203 Mittheilunq
705 4134 955 4202 yemacht
1000 4134 1150 4188 habe.
1191 4163 1257 4170 —
1298 4121 1439 4187 Uber
1483 4131 1577 4186 die
1633 4130 2097 4200 Verhandlunyen
2143 4132 2219 4185 im
2270 4128 2665 4185 Gon-viatorium
2715 4132 2818 4201 υ91.
2856 4131 2963 4185 das

207 4225 278 4278 35
297 4224 659 4278 mamam
708 4221 1000 4276 Schrciben
1050 4222 1146 4276 des
1198 4219 1498 4275 cardinale
1547 4219 1808 4276 Sadoleto
1856 4238 1934 4274 an
1972 4218 2248 4274 Cardinal
2282 4218 2549 4286 Salviati,
2593 4220 2823 4274 wonach
2871 4220 2961 4274 die

297 4311 668 4381 Prorogation
715 4310 814 4364 mit
861 4311 1007 4364 allen
1044 4310 1308 4365 Stinmen
1353 4325 1521 4379 yeyen
1555 4309 1715 4377 πισοί,
1764 4308 1859 4362 die
1907 4310 2055 4362 scine
2101 4308 2225 4363 und
2261 4308 2349 4363 die
2386 4308 2480 4362 dea
2518 4307 2820 4363 cardinal-3
2856 4325 2960 4363 von

298 4400 524 4468 Capua,
578 4399 908 4454 bachlossen
954 4401 1047 4454 sei.
1122 4399 1242 4453 Jac.
1282 4397 1531 4453 Sadoleti
1581 4398 1870 4467 Epistolae
1908 4399 2140 4468 proprio
2184 4399 2406 4453 nomine
2449 4398 2688 4467 scriptae
2741 4398 2852 4453 Vol.
2889 4397 2967 4452 Π

290 4505 351 4558 p.
390 4491 550 4544 494-
571 4490 694 4543 496.

442 4575 488 4643 ²)
534 4577 646 4647 1⁷91.
686 4593 773 4631 nr.
811 4580 897 4631 37.

177 4669 279 4721 ·40
443 4665 487 4732 ³)
536 4654 674 4721 Uber
698 4667 819 4720 eine
844 4665 1049 4720 andere
1074 4662 1371 4735 Massreyel
1393 4683 1495 4721 zur
1523 4666 1833 4735 Sistieruny
1869 4673 2010 4721 etwa
2038 4665 2458 4721 ankommmder
2486 4664 2958 4721 Concilsbewcher

296 4757 360 4812 in
402 4755 592 4810 Trient
626 4771 669 4809 ε.
706 4772 762 4808 u.
799 4773 866 4809 zu
902 4772 988 4810 nr.
1026 4758 1116 4809 40.
