3500 5300
1177 360 1275 417 No.
1317 362 1446 418 110:
1490 361 1626 430 1538
1662 361 1876 432 August
1910 362 1996 418 20.
2811 355 2917 420 331

259 556 617 641 unyeachtd
675 557 784 623 der
829 558 1097 624 Amickt
1155 542 1261 623 des
1304 557 1583 642 Kiim'qS,
1651 560 1782 643 dass
1827 558 2146 625 Aloanda·
2211 557 2382 622 nicht
2449 558 2556 621 der
2618 558 2918 640 yeeiynete
2984 560 3123 613 1538

276 664 627 731 Vemiazer
670 666 776 730 ses.
882 665 1072 732 Πρω·
1117 665 1216 728 aie
1255 663 1682 748 yrffmathiqe
1740 665 2226 747 Unterstaemuny
2256 662 2343 729 K.
2389 663 2681 729 Johanns
2724 662 2918 727 durch
2938 632 3082 698 ‘¹²⁴⁹
3116 633 3193 684 2⁰

257 771 346 836 K.
395 771 793 850 Fadinand,
853 773 962 836 der
1029 773 1165 836 dem
1237 771 1657 838 Nobenbuhler
1723 791 1907 855 soyar
1973 772 2093 836 den
2158 770 2537 853 Ko‘niystitel
2599 769 2918 852 meatem.

259 877 601 943 Ausdmck
644 879 750 942 des
796 877 1058 943 Dankes
1115 878 1221 942 des
1266 877 1557 943 Nuntius
1612 878 1724 959 fiir
1777 878 2176 960 Gewiihrunq
2234 877 2341 941 der
2388 875 2715 942 Rackkehr
2757 876 2920 940 nach

206 995 242 1049 5
260 984 613 1064 Eintreffen
655 983 1020 1050 Aloandere.
1110 987 1276 1050 1538
1318 984 1576 1067 Αυφιιεέ
1617 988 1707 1051 20
1752 984 1958 1050 Enna

399 1126 525 1181 Ans
559 1125 792 1195 Neapd,
837 1125 935 1181 Gr.
976 1126 1243 1181 Archivio
1278 1125 1445 1181 Oai-te
1482 1125 1705 1181 Fames.
1745 1125 1904 1182 Fasc.
1946 1128 2052 1182 730
2094 1126 2244 1197 On'y.

438 1249 683 1317 Scrisse
729 1251 1165 1316 ultimamente
1211 1272 1249 1314 a
1294 1248 1383 1316 V.
1427 1250 1559 1315 Rm
1605 1259 1671 1316 et
1698 1250 1854 1315 ΠΡ·
1899 1249 1963 1316 S.
2010 1250 2116 1316 alli
2170 1261 2247 1318 16
2295 1249 2363 1315 di
2408 1259 2635 1336 questo
2681 1258 2919 1335 quanto
2939 1253 3084 1323 Aua·
3120 1256 3190 1308 16

257 1378 584 1438 occorrea;
644 1357 880 1444 doppoi
926 1363 961 1421 e
1006 1366 1244 1422 venuto
1299 1379 1337 1420 a
1383 1367 1614 1443 questa
1658 1357 1916 1423 Maesta
1960 1358 2120 1422 altro
2167 1356 2394 1422 adviso
2441 1353 2792 1440 dUngaria
2837 1355 2918 1421 de

262 1474 298 1532 9
346 1462 414 1528 (11
459 1475 706 1550 quest0,
752 1463 836 1529 da
879 1463 1046 1529 frate
1092 1461 1374 1549 Georgio
1419 1464 1614 1529 eletto
1660 1462 1741 1529 de
1788 1463 2123 1530 Varadino
2171 1471 2236 1528 et
2280 1462 2789 1528 administratore
2836 1462 2918 1527 (18
2939 1464 3082 1535 Aua-
3123 1470 3160 1520 9

172 1581 240 1634 10
257 1570 406 1635 tutt’
451 1570 498 1636 il
543 1592 737 1656 regno
784 1569 1154 1655 dUngaria,
1199 1570 1364 1635 che’l
1407 1569 1619 1635 Turco
1665 1573 1733 1634 in
1777 1572 2033 1657 propria
2075 1592 2348 1656 persona
2393 1591 2561 1634 vene
2607 1571 2675 1633 in
2716 1568 2920 1634 Tran-

258 1676 529 1743 silvania
573 1699 693 1742 con
739 1679 946 1741 animo
994 1676 1074 1741 de
1131 1678 1497 1742 invemarse
1543 1678 1608 1741 in
1655 1676 1867 1763 quella
1910 1678 2257 1764 provincia,
2303 1685 2370 1741 et
2412 1678 2656 1741 ricerca
2701 1675 2919 1741 adiuto

258 1782 342 1848 (18
385 1792 613 1869 questa
655 1783 929 1863 Maesta,
973 1805 1154 1848 come
1186 1781 1275 1850 V.
1321 1782 1386 1848 S.
1417 1782 1551 1847 R¹¹¹⁸
1594 1783 1836 1849 vedera
1880 1805 1996 1870 per
2037 1782 2326 1849 l'incluse
2373 1784 2558 1869 copie
2589 1782 2755 1847 delle
2803 1806 2917 1848 sue

261 1889 504 1971 lettere,
547 1889 734 1977 quale
780 1888 1013 1956 mando
1060 1891 1169 1975 qui
1214 1889 1469 1975 alligate
1502 1893 1563 1973 ¹).

434 1995 493 2061 Π
539 1998 879 2062 secretario
926 1995 993 2061 di
1037 1995 1314 2075 Franza,
1372 1996 1521 2082 qual
1588 2019 1799 2062 venne
1858 1996 1959 2062 alli
2022 1997 2228 2082 giomi
2283 1998 2556 2083 passati,
2609 1995 2692 2061 ha
2751 1995 2916 2062 ditto

169 2113 240 2168 15
256 2102 376 2169 che
421 2102 527 2169 nel
595 2125 938 2188 congresso
1006 2103 1088 2168 de
1133 2104 1525 2189 Aquemorte
1585 2103 1781 2189 quelli
1841 2100 1992 2168 duoi
2049 2104 2325 2190 principi
2369 2104 2787 2189 raggionorno
2834 2102 2915 2167 de

255 2209 448 2275 molte
494 2232 663 2290 cose,
707 2231 813 2275 ma
857 2209 1228 2275 conclusero
1274 2209 1621 2275 solamente
1668 2193 1879 2296 questi
1924 2219 2021 2275 tre
2067 2210 2276 2296 punti:

433 2314 618 2382 Che'l
663 2338 780 2382 suo
826 2338 893 2381 re
938 2315 1146 2382 havea
1189 2338 1516 2402 promesso
1562 2315 1842 2382 d'essere
1886 2318 2144 2382 inimico
2190 2313 2296 2381 del
2326 2315 2539 2381 Turco
2585 2338 2706 2381 con
2751 2325 2914 2381 tutte

254 2424 316 2489 le
361 2424 537 2489 forze
583 2445 698 2489 sue
729 2422 944 2510 doppo
982 2432 1241 2510 passata
1284 2445 1411 2488 una
1439 2430 1614 2489 certa
1658 2431 1901 2509 tregua,
1946 2423 2094 2508 qual
2123 2422 2301 2502 dura,
2345 2420 2558 2501 credo,
2603 2445 2719 2509 per
2746 2431 2913 2488 tutto

254 2552 466 2596 marzo
511 2539 834 2616 sequente.
2929 2535 3070 2587 1539

162 2646 236 2701 20
433 2635 570 2703 Che
615 2636 821 2703 havea
873 2636 1255 2703 similmente
1314 2659 1640 2725 promesso
1700 2660 1828 2703 non
1887 2637 2232 2704 subornare
2290 2643 2368 2702 ne
2428 2635 2580 2702 dare
2625 2635 2912 2703 fomento
2930 2603 3028 2659 Μ’
3058 2644 3071 2658 “

253 2752 334 2810 ne
379 2743 600 2810 adiuto
645 2744 873 2810 alcuno
919 2766 958 2809 a
1001 2743 1357 2810 Lutherani
1402 2767 1441 2809 o
1487 2744 1631 2809 altri
1687 2744 1973 2810 heretici.

432 2850 571 2917 Che
617 2849 1002 2938 l’imperator
1055 2850 1142 2936 gli
1201 2850 1407 2916 havea
1462 2851 1684 2915 voluto
1745 2850 1897 2915 dare
1951 2850 1998 2914 il
2042 2858 2210 2915 stato
2256 2849 2324 2915 di
2369 2850 2613 2917 Milano
2659 2860 2724 2917 et
2767 2850 2912 2917 farli

252 2958 315 3023 la
357 2959 739 3023 investitura
782 2959 847 3022 in
894 2958 1042 3043 quel
1100 2957 1272 3038 loco,
1328 2979 1433 3022 ma
1490 2958 1608 3023 che
1669 2958 1794 3043 egli
1849 2957 2055 3023 havea
2105 2968 2398 3023 recusato
2443 2979 2564 3023 con
2610 2957 2746 3023 dire
2794 2959 2910 3025 che

252 3087 381 3130 non
427 3086 536 3130 era
578 3064 849 3130 honesto
881 3063 999 3130 che
1047 3064 1252 3129 simile
1284 3073 1603 3129 contratto
1650 3065 1824 3129 fosse
1870 3063 2033 3129 fatto
2079 3064 2185 3129 nel
2228 3086 2345 3130 suo
2390 3086 2603 3150 regno,
2650 3074 2716 3130 et
2757 3070 2912 3152 pero

158 3186 234 3243 25
252 3172 438 3238 volea
482 3171 763 3238 differire
809 3170 929 3237 sin'
974 3171 1035 3236 al
1079 3193 1420 3256 congresso
1467 3170 1535 3236 di
1579 3170 1999 3258 Palpignano‚
2043 3171 2144 3236 nel
2191 3171 2376 3257 quale
2421 3173 2477 3236 si
2524 3171 2732 3237 dovea
2777 3171 2911 3237 fare

250 3278 532 3366 perfetta
576 3278 981 3344 conclusione
1028 3277 1110 3343 (18
1156 3287 1321 3343 tutte
1366 3277 1427 3342 le
1473 3278 1631 3343 altre
1677 3300 1847 3344 cose.

428 3365 489 3450 E
532 3407 765 3451 ancora
807 3392 1048 3450 venuto
1093 3405 1180 3449 un
1226 3406 1475 3450 correro
1521 3383 1586 3449 di
1635 3383 1894 3472 Spagna
1939 3383 2023 3450 da
2065 3383 2422 3450 Barcelona
2491 3407 2613 3451 con
2681 3408 2908 3473 spazzo

251 3491 423 3557 della
468 3489 743 3557 Cesarea
786 3490 1043 3556 Maesta
1086 3513 1125 3555 8
1169 3500 1395 3576 questo
1441 3489 1627 3556 881Μ
1673 3513 1758 3556 re.
1849 3490 1996 3578 qual
2055 3490 2120 3556 di
2168 3513 2380 3556 nuovo
2423 3494 2513 3557 mi
2557 3490 2638 3556 118
2683 3492 2909 3558 confir-

251 3605 423 3663 mato
465 3598 531 3664 la
573 3597 738 3663 ditta
780 3620 941 3685 pace
1002 3596 1205 3662 ferma
1251 3608 1317 3662 et
1363 3597 1589 3662 stabile
1636 3620 1826 3663 senza
1871 3598 2097 3663 alcuno
2144 3597 2458 3685 scrupolo,
2503 3621 2607 3664 ma
2650 3621 2780 3664 non
2825 3598 2910 3665 ha

154 3720 233 3775 30
251 3703 414 3769 <litto
459 3704 686 3770 alcuna
726 3703 1175 3793 particulas-ita.

426 3812 688 3889 Quanto
733 3810 858 3876 alla
901 3809 1077 3876 dieta
1132 3811 1458 3897 imperiale
1505 3810 1637 3876 Sua
1679 3810 1936 3877 Maesta
1993 3833 2121 3876 non
2164 3810 2246 3876 ha
2291 3812 2565 3898 risposta
2611 3812 2908 3891 resoluta,

248 3917 480 4005 perche
523 3916 908 4005 l'imperator
953 3926 1233 4004 espetta,
1289 3939 1405 4003 per
1457 3927 1693 4003 quanto
1752 3917 1836 3982 ho
1893 3927 2158 4004 possuto
2217 3918 2788 4004 comprehendere,
2845 3920 2908 3985 la

248 4022 632 4089 resolutione
663 4023 748 4089 (18
777 4022 1014 4088 Nostro
1047 4022 1315 4109 Signore
1347 4023 1619 4089 d'alcuni
1651 4024 1900 4089 articuli
1936 4023 2218 4090 mandati
2249 4047 2288 4090 a
2318 4022 2448 4090 Sua
2477 4024 2907 4105 Beatitudine,

248 4129 340 4196 dil
385 4130 505 4196 che
550 4133 613 4195 io
660 4152 787 4195 non
833 4130 916 4195 ho
963 4131 1124 4195 altra
1169 4132 1414 4195 notitia.

154 4252 229 4308 35
427 4235 641 4302 Hebbi
706 4236 841 4301 heri
899 4236 960 4301 le
1016 4235 1241 4302 lettere
1288 4237 1367 4302 (18
1412 4236 1502 4303 V.
1548 4237 1679 4302 R¹¹¹⁸
1726 4247 1792 4302 et
1837 4236 1990 4301 1110·
2035 4237 2100 4303 S.
2162 4237 2242 4302 de
2292 4248 2329 4306 5
2377 4238 2442 4304 di
2490 4250 2716 4325 questo
2745 4241 2793 4322 ²)
2840 4249 2907 4304 et
2922 4239 3069 4309 Aw-

246 4343 542 4409 havendo
590 4346 797 4408 inteso
857 4344 919 4408 la
976 4344 1365 4409 resolutione
1425 4343 1505 4408 de
1553 4342 1683 4409 Sua
1726 4344 2136 4410 Beatitudine
2195 4348 2261 4409 in
2320 4345 2384 4409 la
2428 4347 2690 4411 materia
2736 4345 2901 4412 delle
2925 4313 3007 4365 19.
3044 4314 3079 4364 5

245 4451 372 4516 due
420 4450 664 4516 decime
724 4473 839 4538 per
896 4449 1115 4515 adiuto
1178 4449 1241 4514 di
1303 4462 1527 4536 questa
1574 4449 1857 4527 Maesta,
1919 4452 2222 4534 significai
2271 4452 2394 4515 alla
2440 4450 2604 4516 ditta
2651 4452 2904 4519 Maesta

395 4646 433 4713 ¹)
469 4646 673 4714 Lioyen
710 4646 866 4701 nicht
901 4647 998 4700 bei.

390 4734 436 4808 ¹)
474 4735 637 4807 Lieyt
674 4735 827 4789 nicht
864 4752 975 4791 vor.
